2888 4854
621 397 638 459 7

101 587 234 668 ratione,
270 586 326 650 sed
361 591 471 650 tamen
504 607 572 651 non
606 593 718 650 eontra
746 638 753 650 .
778 639 784 652 .
810 588 1023 673 analogiam),
1057 591 1092 652 in
1127 609 1165 654 eo

102 695 231 759 ‘tamen'
247 715 314 759 non
331 710 405 758 cunr
421 697 599 779 negatione,
616 697 760 761 sedeam
783 697 860 761 ‘sed’
877 699 1021 781 copulari
1037 696 1165 777 debet.1)

208 804 361 870 Formula
397 825 481 889 quae
516 811 565 870 est
600 805 675 876 Gum
706 844 747 852 -
776 809 854 891 tum,
889 826 926 870 ea
964 826 1047 890 quae
1079 808 1166 873 idem

102 914 264 998 significat
282 915 370 997 quod
394 915 436 978 ‘et
459 953 502 962 -
525 915 576 996 et',
598 918 633 978 in
657 916 747 980 libris
771 916 810 980 de
833 917 852 979 l.
871 917 891 979 l.
915 935 981 980 non
1004 922 1105 997 extat3
1130 919 1166 980 in

101 1024 192 1088 libris
217 1025 256 1087 de
278 1045 303 1087 r.
327 1044 350 1087 r.
376 1027 502 1108 seriptis
526 1043 597 1088 eam
618 1027 729 1089 inveni
753 1027 802 1090 his
825 1027 919 1090 locis:

207 1133 232 1214 i,
258 1134 308 1214 55,
323 1134 341 1194 7
365 1133 412 1215 (Is
428 1134 545 1197 humor
562 1134 709 1198 modicus
725 1154 799 1198 cunr
815 1136 856 1198 ad
874 1136 993 1199 multas
1009 1156 1070 1215 res,
1095 1142 1166 1200 tum

102 1241 142 1305 ad
166 1243 398 1326 agriculturam
421 1242 559 1324 pertinet
581 1244 806 1326 vehementer).

209 1350 252 1431 ΙΙ,
276 1349 338 1432 4,3
362 1348 456 1431 (Cum
479 1351 558 1415 haee
582 1354 693 1417 eadem
716 1355 754 1417 ut
777 1351 915 1415 habeant
930 1371 1039 1417 verres
1054 1354 1167 1418 viden·

103 1459 190 1542 dum,
212 1464 282 1522 turn
307 1461 422 1542 utique
446 1462 511 1524 sint
533 1462 714 1526 cervicibus
738 1460 877 1542 amplis).

209 1569 267 1651 III,
293 1571 376 1648 9,15
402 1569 526 1653 ‘Neque
548 1571 655 1654 pullos
679 1574 806 1634 tantum
829 1571 883 1652 (se.
906 1571 1166 1657 prodigendum),

102 1678 158 1742 sed
183 1698 278 1744 omne
302 1670 576 1765 ὀρνιθοβοσκεῖον,
601 1699 675 1743 eum
701 1684 829 1761 aestate,
862 1684 933 1742 tum
956 1680 1068 1761 utique
1092 1698 1167 1742 cum

79 1791 273 1872 tempestas
297 1789 338 1852 sit
360 1787 490 1870 mollis).

208 1896 310 1960 Vides
340 1898 440 1981 igitur
471 1917 547 1961 eum
579 1898 737 1979 particula
760 1897 861 1961 ‘Tum’
886 1899 1089 1962 coniunctam
1117 1895 1167 1960 bis

104 2004 239 2088 ‘utique’
272 2007 332 2069 hac
355 2008 489 2088 ratione,
520 2011 558 2069 ut
588 2007 644 2069 illa
670 2006 776 2088 verba,
809 2026 948 2088 quorum
980 2008 1015 2068 in
1040 2024 1168 2069 conexu

103 2113 209 2177 locum
232 2114 339 2196 habet,
361 2133 437 2198 prae
461 2117 573 2179 ceteris
597 2115 778 2195 eleventur3
802 2116 837 2179 id
861 2116 947 2199 quod
962 2115 1066 2179 bonae
1082 2119 1168 2178 aeta-

102 2224 144 2286 tis
175 2217 363 2307 scriptores'
379 2223 446 2287 fere
478 2223 568 2288 ‘tum’
602 2243 681 2288 voce
716 2225 784 2289 sola
823 2227 1003 2308 exprimere
1035 2227 1168 2288 coristat

102 2329 268 2395 Particuia
291 2338 399 2396 autem

211 2439 325 2525 Utique
358 2443 443 2506 sicut
472 2443 612 2506 formula
643 2444 700 2506 illa
730 2445 814 2508 inter
844 2444 944 2508 libros
978 2443 1017 2506 de
1040 2443 1059 2506 l.
1085 2441 1105 2504 i.
1137 2445 1171 2504 et

104 2547 204 2612 libros
228 2549 267 2612 de
291 2570 315 2614 r.
333 2572 358 2616 r.
384 2553 559 2616 discrimen
582 2552 687 2635 efficit,
711 2553 872 2632 siquidem
895 2555 929 2617 in
952 2553 1016 2615 illis
1035 2552 1167 2614 omnino

104 2678 277 2742 nusquam,
300 2661 335 2723 in
359 2662 409 2726 his
434 2663 573 2726 occurrit
596 2662 818 2746 compluribus
841 2662 929 2743 loeis,
952 2663 1014 2725 his:

211 2768 253 2850 II,
271 2772 301 2852 4,
314 2772 354 2833 21
381 2770 596 2855 (‘Oastrautur
611 2791 720 2836 verres
739 2772 998 2835 commodissime
1014 2768 1168 2851 anniculi,

106 2880 219 2962 utique
237 2897 279 2942 ne
302 2881 443 2944 minores
463 2901 559 2964 quam
575 2884 769 2962 semestres),
798 2881 899 2964 10,11
927 2881 993 2963 (Ad
1010 2899 1168 2964 equarum

105 3007 236 3072 gregem
261 2991 578 3072 quinquagenarium
602 2990 671 3053 bini
688 2993 841 3054 homines.
887 2991 1009 3073 Utique
1032 2995 1169 3071 uterque

104 3099 221 3162 horum
255 3102 294 3161 ut
327 3117 439 3163 secum
473 3099 589 3162 habeat
622 3118 722 3182 equas
757 3101 893 3163 domitas
928 3099 1074 3182 singulas
1098 3146 1105 3159 .
1130 3098 1167 3178 .);

103 3207 162 3289 III,
188 3207 248 3290 7,6
273 3207 411 3291 (Ipsae.
436 3257 442 3269 .
467 3257 473 3270 .
497 3210 611 3291 ntique
626 3209 764 3272 redeunt
787 3259 793 3272 .
819 3210 850 3291 .);
877 3209 960 3290 12,7
986 3206 1073 3288 (Duo
1098 3207 1169 3288 qui·

105 3317 176 3381 dem
202 3319 316 3400 utique
338 3322 369 3381 te
392 3317 509 3381 habere
531 3319 630 3401 puto).
675 3317 809 3401 11,4,3
834 3316 876 3384 (v.
903 3317 1023 3401 supra),
1055 3314 1114 3397 III,
1140 3316 1168 3397 9,

108 3427 148 3488 15
177 3425 216 3495 (v.
241 3427 357 3510 supra).

212 3534 238 3615 i,
269 3536 308 3598 19
344 3537 379 3598 in
411 3536 475 3599 fine
506 3537 617 3620 capitis
649 3542 721 3619 post
744 3535 878 3600 verbum
912 3533 1056 3599 ‘stercus’
1090 3533 1169 3596 haec

105 3645 206 3709 verba
229 3645 336 3708 addita
360 3645 491 3707 suntin
516 3644 696 3708 codicibus:
722 3641 940 3707 ‘Decanibus
963 3662 1038 3706 vero
1054 3643 1169 3725 utique

214 3837 241 3906 1)
260 3837 335 3905 Alias
354 3836 512 3891 huiusmodi
530 3837 667 3907 formulas,
694 3839 726 3890 ut
744 3838 808 3889 sunt
825 3831 920 3904 ‘neque
939 3827 1017 3889 enim'
1039 3836 1097 3905 (pro
1116 3849 1170 3902 qua

107 3945 160 3982 non
179 3928 268 3982 minus
292 3943 371 3997 saepe
398 3923 461 3982 ‘non
480 3920 558 3982 enim'
587 3944 603 3982 a
629 3930 720 3981 nostro
745 3928 872 3996 ponitur),
897 3921 956 3980 ‘nec
974 3917 1082 3994 minus',
1110 3920 1169 3978 ‘nee

107 4011 200 4074 solum'
222 4019 328 4074 silentio
346 4020 510 4088 praeteribo,
534 4035 592 4074 earn
612 4021 702 4074 autem
721 4033 789 4086 quae
808 4021 850 4071 est
866 4011 962 4086 ‘neque
981 4009 1069 4073 etiam'
1090 4016 1170 4085 paulo

107 4110 179 4164 inira
195 4127 251 4164 una
269 4127 331 4164 eum
348 4111 390 4180 iia,
409 4127 479 4179 quae
496 4114 560 4165 aunt
577 4105 633 4165 ‘aut
651 4100 748 4178 etiam',
767 4102 822 4162 ‘vel
839 4099 937 4176 etiam',
956 4103 1019 4163 ‘nisi
1032 4108 1121 4164 etiarn¹
1140 4108 1170 4160 in

107 4204 290 4272 quaestionem
309 4203 419 4258 vocabo·
