2908 4846
613 347 655 410 63

101 537 191 618 saul)
223 540 257 600 in
288 536 379 600 libris
413 538 452 601 de
484 558 507 599 r.
538 558 562 600 r.
594 555 662 600 eam
698 535 837 600 ostendit
868 534 960 598 locus
995 535 1047 597 hic
1081 554 1168 597 unus

104 648 168 728 ΙΙΙ,
194 645 320 730 raab
355 643 492 708 ‘Genera
526 645 707 708 coclearum
735 653 812 708 sunt
834 645 937 727 plura,
966 650 1003 708 ut
1027 645 1169 708 minutae

105 757 245 838 albulae,
270 775 353 839 quae
374 754 552 819 afferuntur
576 754 753 835 anenno,
776 763 807 818 et
830 755 1000 832 maximae,
1024 771 1107 835 quae
1131 749 1170 815 de

103 867 238 947 Illyrico
263 871 479 948 apportantur,
512 870 543 929 et
572 865 758 945 mediocres,
790 883 873 946 quae
897 883 939 927 cx
962 862 1072 926 Africa
1096 862 1169 926 affe-

104 981 235 1038 runtur.
282 973 354 1036 Non
380 995 444 1056 qno
468 995 534 1037 non
556 974 591 1035 in
607 973 658 1036 his
673 972 861 1056 regionibus
881 972 1075 1055 quibusdam
1091 973 1170 1036 locis

103 1103 163 1147 eae
187 1083 467 1166 magnitudinibus
492 1084 554 1146 sint
579 1082 758 1164 dispariles:
784 1102 859 1145 nam
884 1087 916 1145 et
938 1082 1031 1145 valde
1047 1080 1171 1163 amplae

106 1199 188 1257 sunt
212 1211 408 1275 quamquam
432 1211 473 1254 ex
497 1192 615 1270 Africa,
641 1209 723 1272 quae
746 1200 903 1254 vocantur
926 1187 1121 1255 solitannae’.

216 1301 280 1365 Pro
319 1301 539 1384 ‘quamquam'
577 1301 740 1364 Gesnerus
776 1300 880 1363 ‘Puto'
916 1302 1022 1384 inquit
1057 1293 1171 1363 ‘fuisse

105 1409 415 1494 ‘quemadmodum'.
457 1417 541 1474 certe
579 1413 616 1498 τῇ
650 1430 847 1492 quamquam
887 1412 942 1492 qui
976 1410 1066 1473 locus
1102 1427 1173 1472 esse

104 1522 219 1604 possit,
241 1539 307 1582 non
333 1519 445 1583 video?

218 1628 285 1692 Nos
309 1629 348 1693 de
372 1631 522 1694 hocloco
547 1631 593 1694 sic
615 1630 805 1692 indicamus.
853 1628 902 1690 Ac
932 1630 1072 1711 primum
1103 1629 1173 1710 qui-

107 1741 184 1803 dem
208 1738 269 1802 sibi
292 1741 374 1804 velle
397 1741 549 1804 videntur
563 1738 661 1802 rerba
676 1739 750 1802 hoc:
776 1737 990 1821 ‘Quamquam
1008 1756 1050 1800 ex
1065 1736 1175 1800 Africa

105 1851 178 1913 fere
201 1849 378 1912 mediocres
402 1847 589 1930 afferuntur,
611 1853 719 1911 tamen
744 1867 827 1930 quae
851 1847 940 1927 (inde
964 1848 1065 1929 ortae)
1099 1847 1175 1909 soli-

108 1964 230 2021 tannae
253 1963 418 2038 vocantur,
437 1957 529 2020 valde
553 1957 676 2040 amplae
693 1956 787 2021 sunt’.
836 1954 907 2032 Quo
923 1958 957 2018 in
974 1976 1072 2020 sensu
1089 1956 1175 2018 haud

6 2145 7 2148 Ἴ
108 2069 178 2130 scio
202 2087 242 2130 an
261 2066 341 2129 nihil
365 2067 406 2129 sit
430 2065 598 2129 offensioni
621 2086 728 2149 neque
753 2068 848 2129 etiam
872 2067 906 2128 in
931 2085 967 2128 eo
985 2066 1071 2149 quod
1095 2066 1174 2128 haec

111 2177 272 2260 particula
307 2176 443 2258 elliptioe
477 2176 513 2238 in
547 2196 611 2240 usu
643 2183 800 2240 versatur.
859 2174 943 2238 Nam
979 2194 1176 2258 quamquam

111 2305 258 2349 excursu
282 2305 300 2346 a
322 2283 471 2347 Madvico
496 2285 536 2346 ad
561 2284 723 2349 Ciceronis
748 2285 786 2349 de
809 2285 931 2348 finibus
954 2284 1052 2348 libros
1068 2303 1096 2367 p.
1112 2283 1174 2345 726

113 2395 242 2478 egregie
274 2393 357 2458 facto
381 2398 513 2474 constat,
543 2393 728 2457 Ciceronem
759 2396 842 2458 hanc
874 2395 1063 2480 particulam
1096 2393 1177 2456 ‘sine

113 2503 214 2568 verbo
239 2523 312 2567 cum
337 2503 494 2566 adiectivo
517 2505 724 2587 participiove
748 2511 803 2567 aut
826 2503 977 2567 adverbio
1001 2501 1177 2565 vocibusve

112 2631 174 2697 pro
198 2611 350 2676 adverbio
383 2614 494 2696 positis
528 2633 698 2696 nunquam
733 2613 952 2676 coniunxisse'
988 2617 1084 2694 atque
1119 2611 1178 2672 hoc

112 2723 203 2784 idem
226 2741 292 2785 non
316 2721 420 2784 solnm
445 2721 483 2783 de
509 2720 669 2799 Cicerone,
704 2723 760 2786 sed
785 2723 879 2786 etiam
904 2722 943 2784 de
968 2723 1037 2785 eius
1061 2739 1178 2802 aequa·

113 2830 203 2893 libus
229 2831 343 2912 valere,
367 2835 473 2893 tamen
497 2831 542 2911 (id
566 2832 654 2912 quud
676 2851 718 2895 ex
742 2832 852 2896 eodem
877 2850 1020 2894 excursu
1042 2849 1177 2912 cognos-

112 2937 235 3007 cimus)
260 2944 291 3002 et
314 2939 401 3022 apud
425 2937 612 3002 Ciceronem
646 2945 677 3003 et
700 2940 785 3024 apud
809 2946 930 3004 ceteros
963 2943 1073 3004 omnes
1102 2942 1179 3003 scri·

112 3053 223 3131 ptores
247 3048 307 3111 hae
329 3048 506 3131 particulae
530 3051 734 3113 concessivae
759 3068 852 3133 saepe
875 3051 919 3112 ita
941 3055 1108 3132 ponuntur
1129 3049 1180 3113 ‘ut

114 3157 149 3220 id
187 3159 273 3240 quod
308 3157 484 3220 subiciatur
518 3176 594 3221 oum
627 3177 663 3222 eo
688 3159 774 3241 quod
798 3158 994 3246 contrarium
1019 3151 1180 3242 sequatur,

114 3286 289 3330 commune
305 3266 441 3330 verbum
458 3266 591 3330 habeat’.
623 3267 737 3351 Itaque
755 3245 944 3350 particulam
961 3267 1179 3350 ‘quamquam'

227 3440 252 3508 1)
276 3439 329 3506 Qui
351 3441 427 3496 locus
452 3443 493 3496 est
517 3441 646 3496 inlibris
672 3444 703 3496 do
726 3444 744 3500 l.
763 3442 781 3500 1,
806 3442 867 3511 Vll,
894 3441 987 3508 §109‚
1013 3459 1039 3510 p.
1058 3441 1119 3508 388,
1142 3442 1181 3495 ibi

109 3530 298 3602 *quarnquam'
319 3532 373 3586 iam
394 3533 427 3586 ab
447 3533 564 3602 antiquis
583 3533 729 3587 editoribus
747 3535 819 3586 recto
838 3535 972 3586 mutatum
991 3533 1073 3586 estin
1090 3527 1181 3602 ‘quam

114 3624 208 3692 quod'.

227 3713 253 3782 2)
272 3714 382 3768 Codices
401 3716 471 3770 hano
490 3714 650 3783 particulam
668 3715 768 3770 habent
786 3716 865 3770 etiarn
884 3716 921 3783 ΙΙ,
939 3717 964 3784 5,
986 3716 1027 3783 10,
1048 3715 1182 3770 editiones

114 3809 210 3874 ‘quarn
235 3805 302 3874 qni’:

227 3898 307 3965 ‘quud
332 3913 362 3950 eo
386 3897 472 3966 magis
495 3898 533 3965 fit,
560 3898 630 3965 quod
654 3897 708 3951 albi
731 3897 761 3950 in
780 3897 858 3951 Italia
883 3901 1009 3952 nontam
1029 3899 1182 3966 frequentes

114 3985 202 4056 quain
236 3987 284 4056 qui
317 3987 346 4039 in
375 3989 487 4042 Thracia
518 3988 552 4041 ad
582 3986 682 4047 actara,
706 3985 812 4057 adiuva,
837 3990 885 4042 ubi
908 3989 959 4044 alio
979 3989 1066 4043 colore
1084 3975 1183 4057 pauci]

115 4077 265 4130 delendum
278 4095 336 4133 esse
349 4078 463 4133 alterurn
482 4079 580 4150 ‘quam'
600 4095 630 4133 ao
644 4078 799 4132 sribcndum
819 4083 908 4150 ‘quam
926 4081 955 4133 in
968 4080 1089 4134 Thracia
1108 4084 1181 4134 recte

113 4169 196 4222 iubet
213 4168 319 4224 Kailius
338 4171 357 4230 l.
376 4188 399 4229 c.
419 4188 445 4239 p.
465 4172 507 4225 53.
