2888 4854
809 371 827 430 2

288 561 401 642 dicem,
424 560 509 622 ‘cum
533 579 618 622 anno
644 557 727 622 1877
754 559 920 622 occasione
942 557 1074 621 feliciter
1097 557 1202 620 oblata
1222 577 1279 640 per
1294 559 1356 621 ali·
1429 597 1430 602 .

289 674 367 753 quot
389 688 517 733 mensos
540 668 722 732 Florentiae
737 669 855 731 morari
869 669 989 748 liceret,
1012 673 1141 731 auctore
1165 672 1197 731 et
1219 687 1356 732 suasore

289 777 448 842 Guilelmo
464 777 667 842 Stndomund
690 776 740 840 bis
764 796 838 840 cum
859 776 1072 861 Spengeliana
1096 778 1235 841 editione
1258 798 1356 841 accu-

287 887 458 952 ratissime'
484 905 518 951 se
553 886 727 950 contulisse
761 891 870 950 narrat
894 884 926 972 (l.
950 905 976 950 c.
1002 908 1031 971 p.
1055 887 1096 966 4.)
1141 887 1250 970 ltaque
1278 907 1357 950 oum

290 1001 391 1060 artem
415 997 559 1059 criticam
582 995 647 1057 iam
668 995 704 1056 in
721 1001 806 1058 oerto
825 994 1036 1058 fundamento
1060 995 1215 1059 collocare
1233 997 1358 1078 liceret,
1429 1055 1430 1058 ,

292 1111 399 1168 totum
420 1104 569 1186 beneque
594 1107 776 1187 sperantem
803 1124 855 1167 me
879 1103 953 1167 dedi
981 1103 1184 1169 Varroniano
1212 1108 1358 1170 sermoni

280 1195 492 1296 inquirendo,
517 1216 650 1296 siquae
683 1213 870 1276 discrimina
896 1215 930 1275 in
960 1214 1086 1296 scriptis
1104 1193 1184 1278 eius
1207 1216 1358 1279 invenire

289 1329 387 1407 atque
411 1322 452 1385 ad
474 1322 709 1387 restituendum
734 1327 922 1386 contextum
947 1323 1069 1406 aliquid
1104 1323 1247 1387 conferre
1281 1343 1358 1407 pos-

290 1452 367 1497 sem.
414 1431 529 1513 Neque
553 1451 641 1514 spem
665 1451 716 1494 me
740 1431 890 1496 fefellisse
925 1433 1030 1495 statim
1064 1451 1246 1517 cognosces.
1292 1431 1359 1495 Hic

289 1561 366 1605 vero
394 1541 493 1604 libros
520 1539 739 1604 Varronianos
770 1541 971 1624 editoresque
1003 1542 1142 1624 afferam,
1177 1542 1296 1624 quibus
1320 1544 1359 1605 in
1429 1589 1430 1592 η

290 1652 350 1714 hac
384 1670 456 1715 mea
493 1651 680 1732 quaestione
714 1669 795 1712 usus
831 1670 913 1713 sum.
959 1651 1074 1734 Itaque
1106 1657 1230 1735 praeter
1256 1650 1359 1715 libros

293 1761 331 1824 de
355 1760 374 1822 l.
398 1760 418 1822 l.
442 1763 473 1823 et
495 1759 595 1822 libros
620 1760 659 1822 do
682 1779 705 1821 r.
729 1779 755 1822 r.
785 1760 927 1842 scriptos,
961 1781 1100 1844 quorum
1131 1760 1268 1824 editores
1299 1780 1360 1822 no-

280 1871 417 1932 minare
439 1887 507 1931 non
532 1889 611 1951 opus
642 1872 699 1948 est,
733 1869 850 1932 horum
885 1869 1041 1934 librorum
1074 1871 1253 1954 fragmenta
1286 1888 1361 1952 per-

292 1979 444 2042 lustravi:
1429 2061 1430 2064 Ἴ

380 2087 538 2150 Varronis
562 2086 806 2171 Menippearum
822 2089 977 2172 reliquias
1002 2088 1064 2174 (ed.
1083 2088 1268 2152 Buecheler.
1291 2109 1361 2152 una

292 2217 368 2261 oum
390 2196 517 2260 Petron.
541 2200 624 2260 satir.
649 2217 674 2259 a.
701 2197 806 2279 1871.)

403 2304 676 2388 Logistoricorum
717 2327 800 2389 quae
836 2313 1011 2391 supersunt
1050 2311 1110 2391 (ap.
1145 2307 1290 2372 Riesium
1324 2309 1361 2370 in
1429 2369 1430 2384 q

297 2416 345 2479 ed.
370 2419 427 2478 sat.
447 2413 531 2476 Men.
555 2434 584 2496 p.
602 2414 665 2475 247
684 2417 743 2497 sq.)
787 2415 952 2499 Epistulas
977 2417 1040 2500 (ap.
1058 2416 1197 2480 eundem
1213 2416 1360 2480 Riesium
1429 2419 1430 2430 ¹

294 2525 313 2587 l.
339 2543 363 2586 o.
387 2544 416 2607 p.
442 2523 639 2603 259-260).

207 2619 208 2622 ¹
402 2633 591 2714 Antiquitat.
616 2652 676 2696 rer.
702 2633 764 2696 div.
789 2635 848 2716 (ap.
872 2633 993 2698 Merkel
1023 2637 1058 2698 in
1083 2635 1130 2698 ed.
1155 2635 1261 2712 Ovidii
1284 2634 1362 2699 Fas·
1429 2632 1430 2676 ³

295 2749 402 2807 torum
426 2763 454 2825 p.
480 2741 560 2805 OVI.
589 2744 672 2826 sqq.)

403 2851 452 2915 De
486 2852 553 2913 vita
586 2871 656 2935 pop.
680 2851 771 2915 Rom.
808 2871 890 2934 quae
925 2859 1036 2918 extant
1060 2853 1120 2942 (ed.
1147 2855 1188 2919 H.
1219 2853 1364 2917 Kettner.

295 2957 388 3022 Hali's
415 2959 521 3038 1863.)
999 2979 1000 2984 ¹

404 3067 453 3131 De
476 3074 571 3152 gente
593 3090 665 3154 pop.
683 3069 774 3133 Rom.
796 3071 854 3152 (ed.
878 3071 963 3135 idem
987 3069 1122 3136 Kettner
1143 3075 1179 3134 in
1202 3072 1284 3134 libro
1308 3074 1364 3135 cui

295 3179 474 3260 inscripsit:
501 3177 728 3242 ‘Varronische
751 3179 897 3243 Studien’
921 3181 1016 3244 Helle
1041 3181 1134 3243 1865.
1159 3202 1187 3265 p.
1212 3183 1253 3244 63
1279 3184 1340 3263 sq.)

402 3285 575 3350 Librorum
598 3289 881 3372 grammaticorum
904 3295 1030 3373 praeter
1052 3291 1151 3354 libros
1171 3290 1297 3354 V.-X.
1322 3293 1364 3356 de

297 3395 317 3458 l.
341 3395 362 3458 l.
386 3396 552 3478 relliquias
576 3397 659 3478 (coll.
684 3396 875 3462 Wilmanns.
898 3399 918 3464 l.
946 3420 970 3465 c.
996 3422 1025 3484 p.
1052 3402 1114 3463 142
1137 3407 1222 3486 sqq.)

354 3537 355 3542 .
404 3504 586 3570 Sententias
622 3525 704 3588 quae
740 3505 896 3572 Varronis
931 3512 1062 3574 nomine
1097 3511 1259 3590 feruntur,
1295 3529 1364 3573 non

297 3615 471 3698 inquiram,
494 3617 594 3678 immo
619 3635 701 3698 quae
717 3615 942 3704 Ritsenelius1)
963 3624 993 3683 et
1015 3625 1088 3702 post
1111 3639 1186 3683 eum
1204 3615 1363 3702 Riesius2)

296 3727 332 3787 in,
368 3726 565 3808 genuitatem
601 3743 712 3788 earum
751 3727 912 3809 dixerunt,
943 3731 1027 3792 recte
1061 3740 1095 3792 se
1133 3727 1250 3790 habere
1283 3727 1364 3789 mihi

298 3851 453 3917 persuasu

287 4065 295 4075 ‚
407 4009 433 4078 1)
452 4009 505 4064 Cir.
524 4009 593 4066 Mus.
612 4010 698 4070 Rhen.
717 4011 771 4066 vol.
788 4011 846 4066 XII
870 4011 970 4084 (1857.)
996 4029 1022 4080 p.
1042 4012 1189 4070 147-154.
1212 4034 1241 4061 :
1264 4010 1362 4080 Opusc.

298 4095 348 4152 ΠΙ.
367 4113 426 4166 pag.
446 4098 508 4152 522.

407 4185 435 4256 2)
453 4185 539 4242 Praef.
559 4187 599 4240 ed.
619 4189 668 4244 sat.
687 4187 757 4248 Men,
775 4206 803 4257 p.
820 4189 857 4249 X.
