2888 4854
744 361 786 424 54

348 551 439 634 VIII,
464 553 541 633 §46
564 573 594 635 p.
614 551 678 614 425
702 553 737 614 in
761 551 956 617 editionibus
981 573 998 617 e
1020 554 1153 636 vulgata
1172 553 1313 618 lectione

245 662 431 728 ferebantur
461 662 561 726 rerba
593 662 684 725 haec:
722 661 821 724 ‘Haeo
844 663 1031 744 singulatim
1066 662 1204 744 triplicia
1238 680 1312 726 esse

247 771 372 851 debent,
396 770 502 853 quoad
527 789 652 851 sexum,
675 770 925 851 multitudinem,
948 771 1080 836 casum’.
1125 843 1126 850 ἵ

245 919 248 923 -
349 881 389 943 In
411 879 576 964 veteribus
598 877 691 942 libris
711 878 863 943 omnibus
881 901 942 964 pro
968 881 1095 963 ‘quoad’
1119 887 1168 945 est
1191 881 1312 964 ‘quod’,

247 1010 347 1074 quam
369 991 540 1054 lectionem
572 989 696 1072 primus
726 1007 792 1052 non
824 991 993 1070 contemsit
1017 989 1048 1052 0.
1071 989 1104 1053 F.
1129 989 1180 1054 W.
1206 989 1311 1054 Muel-

245 1103 342 1178 lerus,
365 1104 438 1183 post
461 1117 535 1162 eum
552 1097 705 1162 Grothius
727 1100 762 1161 in
786 1100 856 1182 ipso
880 1099 1018 1163 verbum
1041 1104 1196 1164 contextu
1217 1101 1312 1164 resti-

247 1209 401 1274 tuendam
425 1227 494 1272 essa
518 1206 725 1272 arbitratum)
771 1206 877 1283 Quare
902 1209 988 1291 quod
1011 1208 1154 1274 Haasius
1176 1210 1213 1272 in
1234 1208 1311 1272 Rei-

247 1320 321 1404 sigii
344 1314 486 1387 scholis2)
510 1316 550 1380 ad
567 1335 666 1380 usum
683 1317 858 1400 particulae
883 1317 1011 1400 ‘quoad'
1035 1338 1110 1382 oum
1126 1319 1311 1382 accusativo

248 1431 439 1492 coniunctae
479 1425 767 1490 demonstrandum
804 1431 931 1509 praeter
970 1427 1108 1492 alterum
1147 1428 1312 1510 quoddam

248 1538 434 1621 exemplum
458 1535 646 1600 eVarrcnis
670 1535 709 1598 de
732 1555 757 1598 r.
773 1556 798 1599 r.
825 1534 916 1599 libris
940 1535 976 1617 (l,
1001 1537 1029 1616 9,
1043 1534 1072 1604 5)
1097 1537 1156 1600 hoo
1181 1555 1312 1619 quoque

247 1648 359 1727 utitur,
390 1646 424 1708 id
454 1664 543 1708 nuno
566 1645 654 1708 omni
678 1646 866 1708 auctoritate
890 1651 983 1709 caret.
1030 1647 1177 1710 Alterum
1202 1651 1312 1709 autem

245 1756 328 1820 illud
360 1754 599 1820 emendandum
631 1772 701 1818 esse
725 1751 758 1818 0.
791 1752 824 1816 Il.
853 1753 903 1816 W.
935 1752 1114 1827 Mueller02)
1145 1757 1311 1821 assentior.

248 1865 332 1930 Nam
358 1865 511 1946 quoniam
535 1863 689 1927 dictiones
721 1881 804 1945 quae
837 1869 914 1926 sunt
947 1863 1038 1929 ‘nihil
1061 1866 1101 1929 ad
1124 1865 1187 1929 me’
1221 1864 1312 1948 ‘quid

249 1976 289 2039 ad
323 1974 407 2039 mel'
445 1979 477 2038 θῖ
512 1975 632 2038 similes
667 1972 852 2035 tritissimae
891 1975 968 2054 sint,
1007 1990 1083 2038 cum
1121 1975 1311 2058 praesertim

248 2084 389 2148 dictione
413 2083 510 2166 ‘quod
534 2081 584 2145 ad’
608 2083 677 2144 sine
710 2081 833 2144 adiecto
857 2081 991 2146 ‘attinet’
1022 2083 1121 2148 verbo
1145 2083 1246 2146 Varro
1273 2084 1312 2145 in

246 2193 339 2258 libris
363 2193 401 2256 de
424 2194 443 2256 l.
467 2193 487 2257 1.
522 2192 562 2272 V,
586 2192 604 2272 ἓ
631 2191 670 2253 57
695 2211 723 2272 p.
748 2187 816 2260 624)
848 2211 928 2256 usus
952 2195 1001 2272 sit,
1036 2199 1067 2257 et
1089 2194 1150 2256 hoc
1180 2192 1310 2274 dequo

248 2305 375 2387 agimus
398 2303 467 2366 loco
491 2307 523 2366 et
546 2301 654 2378 altero,
680 2301 736 2382 qui
760 2305 807 2364 est
831 2301 870 2364 de
893 2323 917 2365 r.
933 2322 958 2366 r.
982 2303 1008 2383 Ι,
1024 2301 1053 2381 0,
1068 2300 1113 2370 55)
1136 2322 1193 2385 pro
1218 2301 1311 2384 ‘quo-

248 2412 298 2475 ad'
331 2410 537 2476 scribendum
571 2429 641 2474 esse
673 2409 770 2492 ‘quod
794 2409 853 2473 ad’.
887 2447 928 2456 —
962 2409 1015 2474 Sic
1038 2411 1222 2476 Muellerus.
1267 2409 1312 2473 Et

247 2523 309 2586 hoo
333 2520 464 2604 quidem
499 2521 577 2602 loco,
610 2539 707 2602 quem
742 2521 867 2603 primus
898 2521 937 2584 de
959 2541 983 2583 r.
1007 2541 1030 2584 r.
1057 2521 1140 2585 liber
1169 2520 1311 2604 praebet,

247 2638 332 2698 reete
355 2631 506 2710 mutavit3
530 2649 591 2694 neo
612 2634 721 2694 tamen
743 2629 882 2693 formula
903 2631 1110 2714 intelligenda
1133 2636 1181 2694 est
1212 2650 1311 2713 quam
1406 2679 1411 2684 .

249 2742 375 2806 deficiat
398 2738 533 2804 verbum
558 2737 690 2800 ‘attinet'
715 2739 761 2804 (id
785 2740 870 2821 quod
893 2739 1059 2804 Muellero.
1073 2740 1220 2826 videtur),
1252 2741 1311 2803 sed

248 2870 305 2934 per
327 2870 361 2914 se
384 2849 451 2914 sola
474 2847 657 2911 coniunctio
683 2846 789 2930 ‘quod'
814 2846 908 2931 (quae
932 2867 1064 2911 causam
1090 2849 1220 2919 indicet)
1244 2849 1311 2912 ool-

247 2959 345 3022 looari
357 2956 460 3020 debet.
484 2954 537 3020 Sic
549 2955 650 3038 igitur
661 2956 762 3040 legas:
782 2957 834 3004 ³-
849 2958 935 3040 quod
948 2958 988 3020 ad
1001 2958 1161 3022 culturam
1177 2961 1312 3043 pinguis

247 3067 415 3132 fecundior
438 3065 479 3128 ad
501 3065 613 3145 multa,
635 3085 744 3130 maora
759 3067 889 3131 contra'.
936 3066 1025 3130 Haec
1042 3069 1127 3130 enim
1145 3073 1313 3134 structura

248 3183 280 3242 θῖ
302 3176 421 3240 melius
444 3176 584 3238 conexui
599 3175 772 3238 verborum
790 3178 967 3259 sensuique
983 3178 1136 3240 convenit
1158 3181 1198 3254 et,
1222 3177 1310 3258 quod

247 3305 313 3349 non
345 3285 437 3368 parvi
465 3285 702 3347 aestimandum
735 3291 791 3365 est,
823 3287 894 3349 eius
928 3304 1009 3367 quae
1042 3285 1203 3367 praecedit
1235 3301 1311 3346 sen—

246 3389 391 3461 teutiaessl
413 3391 596 3456 formationi
618 3393 713 3476 plane
734 3395 913 3477 respondet.

354 3554 379 3623 1)
397 3570 423 3621 p.
442 3551 478 3606 50
497 3567 523 3604 n.
543 3549 603 3605 300.

353 3646 380 3714 2)
399 3645 415 3712 ὅ
434 3644 485 3698 267
504 3659 529 3710 p.
549 3642 610 3698 460.

355 3737 382 3806 2)
400 3737 418 3792 l.
438 3753 461 3789 θ.
479 3751 505 3802 p.
524 3733 586 3788 800.

352 3827 379 3897 4)
400 3821 487 3892 ‘Quod
505 3826 539 3878 ad
556 3824 622 3893 loca,
641 3856 676 3868 -
694 3824 770 3878 dixi’.

354 3917 381 3986 5)
399 3913 507 3985 ‘Magna
524 3917 576 3970 tria
589 3915 745 3970 discrimina
756 3919 852 3986 terrae,
871 3919 944 3986 quod
956 3919 1047 3986 refert,
1064 3919 1156 3972 utrum
1169 3919 1206 3970 sit
1217 3933 1311 3972 macra

246 4025 281 4064 au
306 4008 416 4078 pinguis
443 4025 477 4063 an
504 4007 655 4062 mediocris.
691 4006 802 4074 Quoad
829 4007 962 4063 oulaunn
980 4007 1089 4078 pinguis
1107 4008 1247 4062 fecundior
1274 4008 1310 4062 ad

246 4101 339 4170 multa,
358 4115 449 4155 macra
466 4100 575 4155 contra'.

352 4193 382 4262 6)
400 4188 573 4246 'Discrimina
591 4191 710 4246 omnium
728 4192 824 4245 horum
844 4199 972 4261 generum
990 4192 1134 4246 subtiliora
1149 4190 1211 4260 alia,
1230 4193 1261 4244 ut
1278 4190 1309 4244 in
