2908 4846
782 404 842 468 118
936 397 940 412 ’

280 587 579 674 quemadmoduml)
615 596 664 654 cst
696 590 783 654 lilius
818 589 859 652 ad
892 594 1025 672 patrem,
1060 591 1106 652 sic
1141 594 1190 654 est
1211 588 1279 652 filia
1302 591 1341 653 ad

278 699 433 767 matrem'.

383 807 422 890 V,
446 809 464 890 ξ
490 808 553 873 100
576 829 605 892 p.
632 808 694 871 102
730 809 955 891 scriptumest
981 808 1016 870 in
1040 807 1217 871 codicibus:
1251 800 1341 872 ‘Ursi

279 915 410 980 Lucana
433 919 521 1000 origo
545 919 597 982 vol
620 917 708 984 unde
731 917 779 982 illi
803 918 906 980 nostri
929 916 969 980 ab
991 918 1094 1001 ipsius
1118 916 1215 997 vooe’,
1244 937 1341 1000 quem

278 1026 386 1090 locum
421 1046 481 1090 nec
517 1027 708 1111 Spongolius
743 1046 816 1091 oum
851 1027 1060 1109 interpungat
1091 1018 1182 1090 ‘Ursi
1210 1025 1343 1090 Lucana

279 1137 368 1220 origo
392 1137 444 1200 vel
467 1137 553 1200 unde
575 1136 634 1215 illi,
657 1137 758 1200 nostri
782 1135 823 1198 ab
846 1136 949 1218 ipsius
972 1133 1061 1198 vooe’
1085 1154 1144 1198 nec
1164 1135 1340 1201 Muellerus
1440 1149 1441 1154 ’

279 1247 482 1330 distinguens
502 1237 593 1310 ‘Ursi
615 1244 740 1309 Lucani
763 1245 861 1328 origo,
893 1245 945 1308 vel
968 1245 1056 1308 unde
1078 1245 1134 1325 illi,
1166 1247 1277 1326 nostri,
1301 1247 1340 1308 ab

278 1357 383 1438 ipsius
407 1355 496 1422 voce'
519 1357 554 1418 in
577 1355 723 1418 ordinem
745 1355 877 1438 redegit.
923 1353 966 1418 nt
989 1353 1184 1438 oSpengelii
1208 1357 1342 1438 quidem

276 1466 536 1549 interpunctione
566 1465 664 1528 huius
695 1465 758 1527 loci
791 1464 896 1546 prims
917 1483 992 1546 pars
1016 1483 1116 1528 sensu
1139 1470 1189 1528 est
1212 1467 1341 1548 optimo,

277 1574 352 1636 hoc:
383 1566 474 1638 ‘Ursi
495 1576 531 1637 in
554 1573 695 1638 Lucanis
729 1572 858 1636 oriundi
889 1576 966 1636 sunt
988 1573 1041 1636 vel
1064 1573 1151 1636 unde
1173 1575 1222 1637 illi
1245 1577 1342 1658 origi-

278 1702 352 1746 nem
377 1683 566 1763 duxerunt’3
599 1685 725 1767 reliqua
757 1681 855 1747 verba
888 1682 966 1764 quid
994 1683 1056 1746 sibi
1079 1682 1179 1746 velint
1202 1701 1268 1745 non
1293 1683 1340 1745 di-

276 1793 423 1856 lucidum
446 1798 502 1856 est.
548 1793 696 1858 Muelleri
719 1810 795 1856 vero
819 1792 859 1855 de
877 1792 1021 1855 hocloco
1037 1793 1193 1856 iudicium
1209 1791 1339 1875 penitus
1440 1787 1441 1846 ἶ

276 1905 444 1984 totumque
467 1903 666 1966 reiciendum
691 1921 761 1966 osse
784 1921 913 1966 censeo:
940 1899 1025 1976 Quid
1049 1903 1134 1964 enim
1159 1905 1220 1964 est:
1247 1893 1339 1965 ‘Ursi
1440 1951 1441 1988 3

275 2008 401 2080 Lucani
417 2012 505 2095 origo
530 2061 536 2075 .
561 2063 567 2076 .
595 2063 602 2077 .
627 2011 666 2076 ab
681 2013 784 2095 ipsius
799 2011 910 2074 voce'?
956 2009 1040 2074 Nam
1058 2009 1266 2074 manifestum
1282 2017 1340 2092 est,
1440 2017 1441 2072 l

276 2119 456 2190 Varronem
490 2120 597 2184 verbis
632 2140 716 2204 quac
751 2125 829 2184 sunt
859 2111 949 2202 fUrsi
972 2119 1103 2184 Lucana
1137 2120 1246 2202 origo’,
1280 2120 1339 2183 has
1440 2137 1441 2206 t

275 2227 397 2292 bestias·
427 2229 516 2293 unde
549 2234 634 2294 ortas
665 2249 735 2295 osse
759 2232 922 2293 existimet
945 2228 1135 2314 significare,
1167 2247 1232 2292 non
1256 2232 1339 2294 reri·
1440 2247 1441 2322 ζ

274 2338 424 2422 loquium
455 2357 566 2424 earum
599 2341 739 2403 nominis
768 2357 939 2422 exponere.
987 2337 1081 2413 Quod
1106 2340 1133 2402 si
1156 2340 1339 2422 explicaret,
1440 2411 1441 2420 ,

275 2447 373 2510 verba
402 2441 550 2511 ‘Lucani'
585 2453 616 2512 et
647 2440 760 2534 ‘origo’
795 2450 909 2532 utique
944 2449 1105 2511 omisisset
1139 2445 1339 2532 dixissetque

272 2547 392 2631 ‘Ursus
425 2556 464 2619 ab
496 2558 598 2640 ipsius
629 2577 709 2622 voce
734 2558 882 2638 (diotust’.
928 2556 1053 2620 Deinde
1082 2559 1109 2621 si
1132 2563 1216 2620 recte
1238 2559 1338 2621 inter·
1440 2551 1441 2580 ³

273 2670 390 2752 pretor,
421 2660 520 2730 verba
549 2659 628 2760 ‘vel
658 2669 743 2732 unde
777 2669 823 2732 illi
858 2668 892 2752 (i.
916 2686 943 2731 e.
967 2663 1115 2750 Lucani),
1148 2668 1249 2729 nostri
1282 2670 1336 2748 (sc.
1440 2675 1441 2724 t

274 2773 368 2858 ursil'
401 2813 442 2820 —
475 2777 696 2860 quaerendum
729 2783 777 2842 est
812 2796 890 2840 rene
921 2796 997 2839 vera
1031 2774 1201 2837 crediderit
1231 2774 1337 2840 Varro
1440 2783 1441 2864 l

273 2877 428 2948 Lucanos
456 2887 612 2969 originem
644 2889 783 2950 traxisse
808 2907 826 2949 a
848 2885 981 2950 Latinis.
1029 2883 1112 2960 Quid
1135 2886 1248 2968 plura?
1294 2885 1338 2950 Et

274 3013 386 3056 sanam
403 2997 595 3058 sententiam
613 3001 644 3059 et
659 2996 803 3080 linguam
820 2995 978 3058 Varronis
995 2994 1227 3058 desideramus:
1249 2997 1336 3078 quod
1440 3063 1441 3088 χ

274 3091 332 3186 ego
355 3107 533 3185 utrumque
557 3104 617 3167 hao
639 3124 711 3168 mea
734 3107 920 3168 coniectura
942 3105 1091 3168 restituo:

308 3193 311 3198 ¹
527 3204 617 3277 ‘Ursi
641 3212 771 3276 Lucana
803 3215 891 3297 origo
924 3213 975 3276 vel
999 3213 1095 3276 unde
1126 3213 1183 3294 illi,
1218 3234 1335 3278 nomen
1440 3233 1441 3310 t

433 3319 473 3383 ab
497 3322 600 3403 ipsius
623 3321 720 3385 vocc’.
747 3335 750 3342 '

377 3427 526 3493 Primum
560 3431 660 3514 igitur
694 3432 849 3514 originem
887 3429 1060 3513 Ursorum,
1098 3432 1212 3496 deinde
1251 3437 1334 3499 veri-

269 3539 418 3620 loquium
441 3541 581 3604 nominis
605 3541 733 3604 indicat.
780 3539 872 3616 Quod
896 3546 1003 3604 autem
1030 3543 1160 3624 reposui
1180 3533 1336 3628 ‘nomen’,

269 3653 301 3711 et
323 3666 381 3730 por
404 3666 437 3712 se
460 3649 569 3731 ipsum
594 3651 837 3714 commendatur
860 3654 890 3712 et
912 3649 1063 3713 facillime
1087 3649 1254 3734 depravari
1277 3665 1334 3737 po·
1440 3669 1441 3690 ¹

266 3756 330 3819 tuit
364 3755 536 3821 alibrario
571 3763 607 3821 ut
636 3759 789 3824 scriberet
821 3752 955 3840 ‘nostri’,
989 3755 1065 3842 quia
1100 3763 1338 3844 oppositionem
1440 3781 1441 3806 ¹

268 3863 396 3947 qualem
419 3866 568 3930 videmus
593 3873 629 3931 ut
651 3867 692 3950 V,
716 3870 735 3951 ἕ
761 3869 801 3932 98
827 3867 966 3954 (veteres
990 3907 1033 3916 -
1057 3868 1188 3952 nostri);
1223 3871 1241 3953 ξ
1267 3872 1332 3934 166

268 3971 383 4058 (nostri
407 4011 450 4020 -
474 3973 611 4060 Graeci),
643 3977 706 4041 hoo
731 3997 860 4063 quoque
882 3978 953 4042 loco
976 3984 1104 4062 propter
1127 3998 1238 4043 vocem
1259 3972 1332 4044 ‘illi’
1440 4007 1441 4048 r

265 4083 405 4165 cogitare
438 4085 474 4146 in
508 4088 637 4168 promtu
672 4092 728 4152 est.
780 4087 854 4152 Non
888 4089 1077 4173 praeteribo,
1112 4090 1332 4155 coniecturam
1440 4127 1441 4130 π

264 4184 478 4198 -ῂ-η.

372 4223 399 4293 1)
417 4223 457 4277 Do
475 4223 526 4277 hac
546 4224 779 4294 particulasupra
797 4227 862 4282 dixi.
