2888 4854
778 371 819 436 38

373 562 483 641 Atque
506 559 567 620 hoo
591 559 770 622 ostendisse
794 560 871 623 satis
893 558 1059 638 habemus,
1093 579 1169 621 nam
1200 579 1234 620 m
1267 578 1336 621 usu

267 688 338 732 eam
362 668 437 731 libri
461 669 500 730 de
523 688 547 730 r.
571 688 595 729 r.
619 668 714 750 plane
738 665 850 729 eodem
873 666 996 732 habent
1019 675 1115 751 atque
1131 667 1204 730 libri
1221 667 1259 730 de
1274 668 1294 730 1.
1314 668 1335 729 l.

266 778 430 842 Idunum
455 795 752 858 commemoramus,
785 777 868 838 hanc
890 777 1081 859 particulam
1111 778 1272 840 causalem
1296 779 1336 838 10

266 886 355 950 libris
389 887 428 950 de
451 887 471 949 l.
494 887 514 949 1.
547 892 653 950 rectae
686 887 822 948 orationi
854 888 1052 970 assignatam
1086 906 1155 950 esse
1189 888 1336 969 exceptis

266 995 392 1059 duobus
416 996 466 1059 his
488 996 568 1059 locis
592 995 647 1078 VI,
672 996 690 1076 ξ
711 996 753 1057 89
776 1015 804 1077 p.
823 994 902 1072 2663
927 995 987 1076 IX,
1010 994 1087 1081 §11
1113 1018 1142 1079 p.
1159 996 1224 1058 463
1248 1001 1334 1060 extr.

265 1104 307 1168 111
340 1106 395 1168 1110
432 1105 562 1188 quidem
596 1093 666 1168 1000
702 1103 850 1186 obliquae
885 1107 1023 1168 orationi
1051 1108 1171 1169 inserta
1199 1109 1248 1168 est
1271 1106 1332 1168 sic:

268 1212 389 1288 ‘Quare
413 1215 465 1277 hic
489 1233 633 1296 accenso,
656 1214 722 1276 illic
737 1215 886 1296 praeconi
905 1215 981 1278 dicit
1004 1217 1089 1296 haec,
1114 1220 1163 1278 est
1186 1212 1335 1296 causa'.1)

266 1323 379 1386 Altero
412 1329 520 1387 autem
551 1324 622 1387 1000
654 1323 715 1404 IX,
745 1320 764 1407 ᾖ
790 1323 824 1384 11
853 1344 882 1406 p.
908 1323 972 1386 463
997 1331 1076 1389 extr.
1109 1325 1266 1407 particula
1296 1325 1335 1386 in

265 1434 514 1516 interrogatione
546 1435 648 1516 posita
687 1438 748 1496 est:
793 1433 886 1496 ‘Cum
927 1434 1161 1516 vituperandus
1193 1453 1259 1496 non
1291 1435 1335 1497 sit

266 1543 464 1624 medicus-‚
488 1562 586 1624 quare
609 1543 892 1625 reprehendendus
917 1545 958 1606 sit
982 1545 1065 1626 qui.
1092 1543 1131 1606 θ’
1178 1542 1218 1605 10
1241 1539 1344 1605 libris

266 1651 305 1714 dc
331 1672 354 1713 r.
378 1671 402 1713 r.
427 1670 552 1734 semper
575 1657 680 1715 rectae
704 1655 840 1716 orationi
864 1652 983 1716 tributa
1007 1657 1064 1716 est.

371 1761 424 1823 Ad
452 1761 524 1824 illos
553 1767 657 1823 autem
683 1761 782 1824 libros
807 1763 846 1824 de
868 1763 888 1824 1.
912 1763 931 1823 l.
955 1767 992 1824 ut
1026 1762 1206 1842 redeamus,
1238 1759 1270 1824 0.
1295 1759 1332 1822 0.
1429 1845 1430 1856 ¹

265 1868 443 1932 Muellerus
459 1869 501 1951 X,
519 1872 537 1952 ᾖ
556 1873 597 1932 29
613 1892 642 1954 p.
661 1869 724 1933 560
740 1890 797 1953 pro
818 1872 939 1954 ‘quare'
956 1871 1147 1954 particulam
1168 1870 1331 1953 ‘quippe’

265 1980 492 2060 ecoujectura
527 1981 561 2041 in
597 1985 751 2042 contextu
786 1983 909 2062 posuit:
947 1999 1029 2062 quae
1064 1982 1248 2061 conjectura
1279 1978 1331 2042 rel

264 2089 336 2152 ideo
375 2089 573 2172 repudianda
611 2095 673 2170 est,
716 2089 803 2172 qnod
848 2089 988 2173 ‘quippe’
1032 2090 1117 2172 apud
1152 2089 1330 2152 Varronem

265 2200 396 2262 omnino
420 2218 486 2261 non
509 2199 633 2282 legitur.
682 2200 821 2262 Sensum
844 2218 920 2262 rere
943 2201 970 2262 si
994 2205 1185 2282 spectamus,
1210 2198 1329 2280 ‘quare'

264 2309 340 2370 huic
362 2308 431 2371 loco
455 2309 595 2390 perbene
619 2309 784 2371 convenit:
813 2309 1108 2392 interpungendum
1133 2314 1240 2371 autem
1264 2327 1330 2370 non

265 2437 339 2480 oum
364 2416 542 2500 Spengelio‚
566 2418 622 2480 sed
646 2437 722 2480 eum
747 2417 911 2480 Muellero.

373 2525 411 2606 V,
436 2526 454 2606 ξ
474 2526 536 2588 108
559 2547 590 2609 p.
610 2526 671 2588 111
697 2527 729 2587 in
756 2525 921 2592 codicibus
945 2529 1062 2611 legitur
1086 2529 1145 2590 sie:

372 2635 434 2698 ‘Ab
459 2636 521 2698 olla
546 2634 641 2698 Olera
665 2635 750 2698 diota
774 2655 911 2717 quorum
934 2657 1087 2720 agenore
1111 2636 1209 2699 cruda
1233 2633 1326 2698 olera’

266 2764 363 2829 quem
386 2746 495 2808 locum
518 2745 694 2826 Muellerus
719 2747 764 2808 sic
788 2746 912 2809 scribit:

374 2854 434 2917 ‘Ab
460 2854 523 2917 olla
547 2853 646 2917 01000Ι
665 2854 758 2935 dieta,
782 2875 881 2937 quare
911 2856 1067 2940 degenere
1096 2857 1194 2920 cruda
1224 2853 1325 2918 olera-³.

371 2962 565 3027 Dubitanter
587 2963 722 3026 verbum
749 2964 928 3048 ‘degenere’
953 2985 988 3029 se
1003 2968 1179 3029 ceriiecisse
1194 2965 1326 3028 Muelle-

263 3094 319 3137 rus
343 3075 412 3157 ipse
434 3074 565 3136 fatetur:
601 3072 688 3154 quod
713 3092 770 3156 ego
794 3076 913 3138 nollem
937 3077 988 3138 vir
1011 3076 1157 3139 eruditus
1181 3093 1325 3156 unquam

264 3184 445 3265 suspicatus
469 3188 559 3246 esset.
599 3181 720 3263 Utique
745 3184 831 3246 enim
855 3185 895 3247 ad
918 3185 1096 3248 absurdum
1120 3191 1215 3267 atque
1238 3185 1325 3265 inep-

263 3297 334 3354 tum
368 3292 480 3353 venire
512 3310 642 3354 necesse
677 3296 732 3353 est.
787 3292 899 3375 ltaque
935 3313 953 3354 a
989 3299 1142 3356 contextu
1179 3293 1324 3355 Muelleri

262 3407 383 3475 temere
416 3400 608 3483 interpolato
639 3401 827 3464 recedamus
859 3401 1072 3484 traditamque
1106 3402 1274 3465 lectionem
1309 3420 1325 3462 0

263 3518 374 3573 nostra
410 3510 560 3592 opinione
596 3511 787 3574 enodemus!
823 3511 875 3574 Sic
910 3512 997 3573 enim
1025 3510 1228 3574 scribendum
1258 3529 1324 3574 esse

262 3729 303 3781 est
330 3721 437 3795 ‘itaque'
467 3726 519 3780 sibi
547 3725 675 3781 vindieat.
722 3725 780 3791 Quo
808 3730 898 3782 autem
924 3727 982 3782 1000
1007 3727 1152 3782 Muellerus
1179 3726 1323 3794 particulae
1426 3715 1431 3742 ⁴

261 3813 362 3886 ‘quare’
381 3819 433 3872 hoe
452 3817 554 3886 tribuit,
574 3818 644 3887 (VII,
664 3821 679 3886 ξ
695 3819 726 3870 14
745 3835 769 3886 p.
789 3819 861 3890 300),
880 3821 913 3874 de
932 3837 962 3873 eo
981 3819 1049 3873 mihi
1069 3820 1179 3887 quidem
1197 3818 1322 3872 dubitatio

262 3909 430 3978 relinquitur.

368 4004 395 4068 1)
414 4001 591 4070 Iudicemus,
619 4003 649 4055 in
677 4019 729 4071 quo
756 4004 815 4058 iure
844 4005 1033 4058 offendendum
1060 4005 1114 4066 est,
1142 4003 1174 4056 ab
1202 4003 1322 4057 omnibus

229 4122 234 4132 ·
262 4093 350 4147 adhuc
363 4092 510 4147 editoribus
529 4095 650 4146 servatus
668 4095 717 4148 est.
743 4094 841 4148 Omisit
850 4096 923 4149 hunc
935 4095 1024 4150 locum
1039 4096 1067 4154 0,
1081 4095 1110 4150 F.
1120 4097 1164 4152 W.
1179 4095 1321 4150 Muellerus

262 4185 294 4237 de
313 4184 502 4254 inaequalitate
521 4184 662 4238 modorum
681 4184 815 4238 disserens
833 4185 851 4240 l.
871 4203 894 4242 c.
912 4204 937 4254 p.
957 4187 1010 4241 870
1029 4203 1068 4254 sq.
