2908 4846
807 382 848 442 80

295 574 383 636 horis
407 579 516 636 aestus
541 576 713 635 creverunt
743 569 874 633 totidem
902 569 1113 633 decreverunt
1136 589 1250 634 rursus
1274 571 1365 634 idem

291 685 433 765 itemque
456 681 495 745 ab
519 681 591 744 his?

401 790 489 867 Quae
523 790 620 854 verba
652 789 844 873 Spengelius
878 793 909 852 et
932 787 1110 851 Muellerus
1143 789 1226 852 male
1257 789 1364 852 inter-

292 900 514 984 punxeruntl)
539 901 627 963 solus
644 896 839 978 Madvicus2)
855 903 942 961 reeta
957 899 1216 980 interpunctione
1232 899 1367 980 scripsit

294 1012 353 1073 sio:
379 1030 453 1073 oum
479 1029 537 1074 sex
553 1008 641 1071 horis
659 1013 767 1072 aestus
785 1013 963 1088 creverunt,
986 1007 1119 1070 totidem
1139 1008 1367 1088 decreverunt,

291 1117 430 1194 rursus3)
455 1120 540 1183 idem
567 1117 612 1194 (fit
635 1123 672 1180 ut
695 1105 841 1181 arescant
863 1122 895 1180 et
919 1116 1123 1196 decrescant).

400 1227 511 1292 Cetera
536 1247 619 1311 quae
644 1232 826 1308 sequuntur
849 1226 947 1290 verba
979 1226 1138 1309 quomodo
1171 1227 1221 1288 vir
1245 1225 1365 1290 doetus
1438 1192 1439 1268 Ι

292 1336 497 1419 intellexerit,
532 1339 649 1400 neseio.
708 1335 898 1419 Spengelius
933 1355 1009 1399 vero
1043 1335 1216 1419 legendum
1250 1341 1362 1421 putat;

295 1446 387 1510 ‘Item
412 1465 495 1529 quae
519 1446 558 1508 ab
583 1448 642 1527 his,
666 1466 707 1508 an
732 1493 738 1506 .
763 1445 780 1506 .’
815 1464 898 1527 quae
921 1446 1020 1508 verba
1044 1464 1101 1528 ego
1126 1465 1190 1507 nou
1214 1464 1364 1528 eompre-

290 1557 404 1622 hendo.
453 1555 484 1618 O.
511 1554 546 1620 0.
573 1555 767 1619 Muellerus:
799 1547 856 1600 ‘—
879 1573 992 1618 rursus
1015 1555 1116 1632 idem;
1150 1555 1292 1635 itemque
1318 1555 1362 1616 ab

290 1665 359 1727 liis’.
406 1665 443 1727 Id
468 1673 530 1729 est:
554 1667 630 1729 inde
655 1665 694 1727 ab
719 1666 778 1746 his,
802 1672 872 1748 post
894 1665 952 1728 has
977 1663 1042 1726 XII
1065 1664 1167 1727 horas.

398 1774 459 1838 Sed
482 1775 560 1838 haee
584 1777 803 1858 interpretatio
828 1793 941 1838 vereor
970 1792 1010 1836 ne
1034 1773 1075 1836 sit
1097 1773 1194 1837 nimis
1219 1772 1362 1836 obseura
1440 1815 1441 1846 1

291 1888 387 1965 atque
411 1885 532 1948 insoliti
555 1888 629 1969 plus
651 1879 737 1949 ¹iusto
760 1883 884 1947 habeat.
930 1882 1014 1945 Nam
1038 1887 1075 1945 ut
1098 1884 1242 1946 omittam
1262 1882 1360 1945 dubi-

290 1994 442 2056 tationem
465 1994 614 2075 relinqui,
641 1995 838 2074 partioulane
868 1985 933 2055 ‘ab'
959 1995 999 2056 ad
1021 2000 1148 2076 tempus
1173 1992 1361 2056 describen-

291 2104 370 2166 dum
394 2105 439 2166 sio
464 2124 482 2166 a
507 2103 651 2166 Varrone
675 2108 822 2187 ponatur,
856 2109 981 2166 utnon
1006 2104 1119 2182 dicam,
1151 2104 1227 2166 huie
1249 2089 1358 2166 Muel-

288 2214 345 2276 leri
363 2214 506 2295 opinioni
522 2213 639 2276 melius
659 2214 832 2277 convenire
853 2205 1028 2295 tidemque’
1053 2233 1152 2295 quam
1176 2212 1356 2293 ‚itemque’t

289 2322 384 2385 verba
410 2342 492 2405 quae
525 2327 602 2385 sunt
622 2314 676 2384 ‘ab
695 2321 756 2385 his'
791 2342 855 2403 qua
875 2324 942 2385 uia
974 2341 1106 2386 sensum
1139 2327 1359 2404 assequantur

290 2451 386 2512 quern
415 2431 591 2495 Muellerus
623 2432 703 2510 vult,
736 2450 793 2513 ego
827 2451 892 2494 non
924 2433 1089 2515 perspicio.
1137 2430 1223 2506 Quid
1254 2431 1357 2494 vero?

289 2539 321 2602 Si
345 2539 486 2602 Madviei
517 2541 810 2622 interpunctionem
843 2543 1092 2624 opinionemque
1116 2542 1218 2605 seouti
1241 2539 1356 2604 scribi-

288 2669 375 2712 mus:
403 2641 493 2712 toum
518 2670 575 2714 sex
599 2651 687 2714 horis
712 2655 818 2714 aestus
843 2657 1022 2732 creverunt,
1046 2651 1178 2714 totidem
1202 2651 1356 2713 deereve-

289 2763 375 2837 runt,
409 2779 524 2823 rursus
558 2761 644 2824 idem
680 2762 823 2843 itemque
858 2760 896 2824 ab
932 2762 982 2824 his
1017 2759 1070 2828 (se.
1109 2759 1250 2823 aestibus
1284 2757 1356 2838 fio',

288 2886 395 2930 nonne
420 2870 527 2932 omnia
549 2868 631 2932 bene
655 2889 689 2934 se
712 2867 852 2934 habent?

399 2977 450 3058 VI,
474 2975 492 3063 ξ
511 2978 551 3041 79
575 2999 604 3060 p.
621 2980 685 3040 225
708 2999 765 3062 pro
782 2999 818 3043 eo
841 2980 927 3062 quod
944 2979 1103 3062 proditum
1121 2982 1181 3041 est:
1203 2970 1236 3040 ‘a
1252 2996 1353 3059 quae-

286 3087 386 3150 rendo
420 3085 586 3168 Quaestio,
621 3087 660 3150 ab
692 3089 741 3152 his
774 3087 1002 3172 Conquaestor’
1036 3087 1068 3150 Ο.
1102 3085 1137 3150 0.
1172 3085 1354 3150 Muellerus

394 3286 420 3352 1)
439 3285 559 3354 Uterque
577 3287 746 3355 interpunxit
763 3288 816 3341 sio:
841 3289 913 3341 ‘eum
932 3303 980 3342 sex
999 3287 1073 3341 horis
1091 3289 1181 3340 aestus
1200 3288 1351 3351 creverunt,

287 3375 399 3429 totidem
419 3377 596 3431 decreverunt
614 3393 708 3431 rursus
727 3370 804 3432 idem’
835 3409 869 3420 -
897 3381 926 3432 in
954 3395 1006 3446 quo
1033 3395 1088 3432 non
1111 3380 1183 3432 reete
1202 3377 1352 3446 perfeetum

287 3482 334 3533 pro
348 3469 484 3534 praesenti
497 3461 694 3539 (decrescunt)
707 3470 822 3538 positum
836 3486 895 3526 esse
907 3471 991 3540 patet;
1006 3471 1039 3524 ol.
1052 3469 1171 3539 Madvig.
1184 3468 1202 3526 l.
1216 3485 1238 3523 o.
1252 3485 1277 3536 p.
1289 3469 1351 3523 175.

367 3607 369 3612 ,
394 3561 420 3628 2)
439 3559 457 3615 l.
477 3578 499 3618 e.
519 3577 544 3626 p.
565 3560 625 3613 175.

392 3651 420 3719 3)
439 3647 557 3706 ‘Rursus'
583 3651 653 3719 apud
673 3651 821 3706 Varronem
845 3653 1002 3722 saepissime
1026 3669 1088 3707 oum
1111 3651 1202 3706 verbis
1225 3650 1351 3705 movendi

287 3742 428 3810 copulatur
455 3741 625 3810 maximeque
654 3758 715 3795 oum
743 3743 778 3797 iis
806 3760 875 3813 quae
899 3759 914 3798 a
938 3739 984 3800 ‘re'
1009 3743 1141 3814 particula
1157 3741 1287 3811 loquelari
1305 3741 1350 3796 in·

286 3832 400 3900 oipiunt:
432 3834 471 3888 sio
489 3833 588 3903 legitur
606 3835 709 3888 ‘rursus
727 3833 829 3889 redire'.
867 3835 907 3889 De
925 3835 944 3891 l.
962 3837 981 3892 1.
999 3837 1046 3905 Vl,
1066 3840 1080 3905 ς’
1100 3835 1135 3891 10
1153 3852 1179 3904 p.
1200 3833 1264 3900 192;
1294 3831 1345 3902 IX,

286 3927 300 3992 ξ
319 3923 354 3979 86
372 3941 397 3993 p.
417 3927 477 3983 521.
515 3925 554 3979 Ile
573 3943 594 3981 r.
607 3941 628 3981 r.
648 3925 697 3995 ΠΙ,
717 3927 759 3995 17,
773 3926 797 3983 9,
834 3925 875 3980 De
894 3927 971 3996 genle
990 3943 1049 3998 pop.
1063 3927 1139 3982 Rom.
1158 3925 1176 3982 l.
1190 3941 1212 3981 e.
1233 3943 1258 3995 p.
1271 3926 1347 3994 64,4.

287 4019 317 4071 ‘n
336 4016 469 4070 revocare’
489 4018 522 4071 de
540 4018 559 4073 l.
572 4017 590 4073 l.
608 4017 656 4087 VI,
675 4018 739 4087 §46
758 4035 784 4088 p,
798 4017 858 4074 224.
878 4049 910 4058 —
931 4013 960 4071 ‘r.
975 4018 1082 4073 reicere’
1102 4018 1135 4072 de
1153 4034 1176 4073 r.
1188 4035 1210 4073 r.
1229 4016 1250 4086 Ι,
1271 4016 1313 4084 13,
1320 4019 1346 4076 5.

284 4137 320 4144 -
338 4106 368 4161 ‘r.
388 4107 506 4161 reddere’
532 4109 567 4177 Η,
586 4109 649 4178 2,1.
687 4108 790 4163 'rursus
809 4109 970 4164 decrescere‘
993 4109 1015 4179 Ι,
1035 4111 1112 4179 37,1.
1150 4104 1283 4164 ‘Rursum'
1307 4107 1348 4161 le-

284 4197 357 4265 gitur
374 4197 406 4251 de
424 4198 442 4252 l.
461 4198 478 4252 l.
499 4201 531 4270 V,
552 4202 620 4271 §40
639 4219 663 4270 p.
683 4201 724 4260 40.
763 4200 804 4255 Do
822 4217 843 4256 r.
862 4218 883 4261 r,
902 4203 924 4270 Ι,
944 4200 1020 4270 29,2.
