2908 4846
627 357 667 418 79

103 548 199 630 quod
224 547 335 612 Scalae
358 552 389 610 et
412 548 525 629 Aquae
549 543 674 626 Caldae,
696 547 876 633 pleraque¹)
906 546 963 625 (so.
992 544 1176 607 huiusmodi

105 655 282 731 vocabula)
307 676 390 720 cum
414 675 528 718 cause
553 653 770 717 multitudinis
794 654 960 718 vocabulis
985 656 1049 717 sint
1073 653 1179 736 appel-

103 767 179 829 lata
202 745 307 849 neque
331 785 442 829 eorum
466 764 644 846 singularia
668 763 702 826 in
726 783 823 826 usum
841 766 1001 827 venerint:
1026 765 1179 846 idemque

102 878 190 938 item
215 875 346 938 contra'.

223 985 275 1050 Sic
299 987 387 1048 enim
402 985 506 1046 Varro
530 969 656 1067 semper
679 982 877 1045 anomalistis
897 981 1091 1064 obloquitur,
1114 982 1134 1046 i.
1153 1001 1178 1043 e.

106 1096 281 1177 analogiae
305 1095 454 1157 defensor
478 1094 596 1173 existit,
620 1094 704 1155 utin
723 1091 873 1180 omnibus
896 1091 1016 1175 quibus
1032 1092 1078 1154 illi
1096 1092 1178 1154 hanc

106 1205 307 1268 labefactare
331 1203 471 1280 student,
501 1203 658 1265 rationem
689 1201 740 1264 vel
763 1221 894 1264 causam
916 1201 1179 1266 inessedemon-

109 1321 202 1376 stret.
228 1351 270 1359 -
294 1311 356 1376 Sed
381 1311 518 1374 offendat
541 1311 675 1374 forsitan
699 1311 816 1393 aliquis
840 1313 874 1372 in
898 1330 944 1392 cc,
968 1311 1054 1394 quod
1075 1309 1178 1371 Varro

108 1424 156 1486 ad
189 1423 446 1485 adversariorum
478 1422 668 1483 sententiam
703 1425 734 1483 et
767 1421 852 1502 quod
889 1420 1093 1502 protulerunt
1124 1438 1179 1481 ex-

109 1523 635 1615 emplum‘Balneae-Balneum’
650 1550 712 1592 non
727 1530 864 1610 accedat,
877 1530 932 1593 sed
942 1531 1014 1594 aliis
1023 1529 1179 1613 exemplis

6 1709 7 1712 ,
111 1661 231 1704 eorum
256 1641 439 1723 opinionem
463 1639 588 1702 refutet.
635 1637 738 1713 Quam
756 1638 794 1701 ob
814 1659 880 1702 rem
899 1638 931 1703 C.
951 1638 986 1702 O.
1003 1639 1180 1702 Muellerus

6 1723 7 1740 χ
110 1751 366 1833 transpositione
381 1748 552 1811 verborum
565 1749 660 1832 longe
672 1749 771 1811 alium
786 1750 1016 1811 sententiarum
1035 1749 1179 1811 ordinem

110 1860 267 1938 restituit,
290 1859 376 1941 quod
399 1863 485 1920 recte
508 1857 620 1920 fecisse
645 1857 774 1920 videtur
796 1856 979 1940 Madvico,2)
1012 1859 1099 1941 quod
1122 1878 1179 1942 ego

110 1970 247 2052 penitus
271 1967 413 2050 reprobo.
459 1966 542 2030 Nam
562 1967 667 2030 Varro
692 1969 954 2031 anomalistarum
979 1970 1181 2047 sententiam,

111 2080 159 2140 ita
186 2081 222 2140 ut
244 2097 303 2160 par
325 2082 373 2140 est
396 2082 427 2139 et
450 2077 622 2140 consilium
638 2097 750 2140 eorum
766 2079 914 2160 postulat,
938 2080 972 2140 in
989 2079 1179 2141 universum

113 2188 237 2249 dictam
261 2205 331 2249 esse
355 2191 450 2268 atque
475 2187 606 2248 omnino
631 2188 671 2249 ad
696 2187 831 2270 pluralia
854 2193 885 2250 ct
908 2187 1086 2269 singularia
1110 2207 1180 2270 per-

4 2325 5 2328 *
115 2299 222 2359 tinere
246 2290 450 2373 existimat33)
483 2315 579 2377 quam
603 2297 893 2378 reprehensionem,
925 2301 1080 2378 utsupra
1104 2297 1182 2375 dixi,

115 2407 162 2467 ita
187 2404 305 2466 refutat
334 2409 371 2466 ut
394 2422 525 2468 causam
549 2406 578 2488 (i.
605 2424 630 2468 e.
655 2404 821 2472 rationem)
844 2407 878 2467 in
910 2405 1107 2489 appellandis
1131 2406 1181 2468 his

116 2512 306 2576 notionibus
323 2513 463 2576 valuisse
480 2514 573 2594 dicat,
589 2533 626 2576 ac
641 2515 782 2596 primum
798 2515 927 2597 quidem
943 2517 978 2577 in
993 2514 1181 2600 pluralibus.

115 2623 245 2687 Deinde
269 2642 343 2685 cum
367 2623 452 2685 dicat
472 2615 636 2704 tidemque
659 2624 735 2685 item
761 2623 881 2685 contra’
898 2624 1075 2707 singularia
1091 2625 1182 2687 intel-

115 2732 199 2815 ligit,
231 2732 270 2794 de
302 2732 420 2813 quibus
450 2734 558 2794 omnia
590 2732 700 2794 cadem
725 2752 808 2814 quae
833 2733 872 2796 de
894 2733 1074 2815 pluralibus
1099 2733 1182 2796 dicta

118 2843 196 2920 sint,
219 2842 405 2922 responderi
427 2843 560 2924 possint.
606 2839 688 2903 Nam
714 2841 752 2903 ad
772 2840 870 2904 verba
892 2842 948 2904 illa
966 2842 1181 2924 supplendum

117 2968 190 3012 esse
211 2941 409 3031 ‘responderi
432 2951 545 3033 potest'
580 2954 724 3032 apparet3
759 2953 829 3036 ipsa
865 2958 973 3015 autem
1004 2954 1048 3012 ita
1081 2952 1183 3033 expli-

117 3057 225 3122 canda
249 3066 334 3139 sunt,
357 3051 574 3122 ut‘Oontra’4)
598 3060 638 3122 ad
660 3058 844 3142 singularia
859 3059 996 3122 Tantum
1020 3061 1181 3143 respiciat;

113 3159 233 3230 ‘Idem’
258 3186 296 3230 ea
319 3167 475 3250 significet
496 3187 579 3249 quae
599 3170 637 3231 de
652 3168 832 3251 pluralibus
848 3170 932 3233 dicta
952 3169 1053 3245 sunt'3
1076 3161 1181 3232 ‘ltem’

117 3279 200 3340 haec
224 3277 262 3340 de
286 3276 506 3360 singularibus
535 3297 666 3360 quoque
689 3278 796 3341 valere
819 3278 947 3341 indicet.

228 3383 286 3466 IX,
311 3387 329 3466 ξ
355 3387 395 3450 26
419 3408 448 3470 p.
472 3387 537 3450 473
568 3387 692 3450 codices
716 3386 869 3450 exhibent
893 3389 982 3451 haec:
1016 3389 1100 3451 ‘cum
1125 3407 1182 3451 sex

229 3544 255 3612 1)
274 3542 318 3596 Sic
337 3560 398 3613 eg03
418 3545 494 3598 codd.
515 3542 649 3613 ‘pleraque
668 3543 752 3611 quae’.

229 3634 256 3700 2)
274 3634 343 3688 Adv.
362 3635 421 3688 crit.
440 3634 458 3688 l.
478 3651 500 3688 c.
521 3653 544 3703 p.
565 3634 617 3688 176
636 3649 674 3702 sq.

229 3727 256 3793 3)
276 3727 316 3778 De
329 3725 481 3778 omnibus
493 3725 647 3778 huiusmodi
663 3726 751 3778 verbis
765 3742 980 3781 sermonemesse
990 3727 1072 3780 etiam
1078 3726 1182 3780 Madvi-

120 3833 171 3870 cus
179 3817 293 3870 censetl.
302 3833 323 3869 c.
331 3834 357 3886 p.
366 3819 424 3871 177.
436 3816 557 3871 Sedcum
565 3817 858 3872 eadecausavitiosum
867 3817 1104 3888 esse‘pleraque'
1112 3817 1182 3870 arbi-

120 3913 217 3976 tretur,
229 3923 277 3976 ego
289 3907 439 3962 Varronem
460 3909 537 3962 ceute
549 3909 639 3976 potius
652 3912 678 3961 et
684 3909 831 3976 prudenter
845 3908 965 3963 locutum
983 3925 1042 3963 esse
1061 3909 1184 3966 exstimo.

228 3998 255 4064 4)
273 3995 332 4048 Hoc
350 3998 464 4051 verbum
483 3996 548 4065 quid
566 3994 619 4049 sibi
638 3995 704 4048 velit
725 3996 755 4048 in
772 3996 897 4051 Muelleri
925 3999 957 4051 de
976 3999 1026 4051 hoc
1045 3997 1104 4051 loco
1123 4014 1183 4050 sen-

121 4087 218 4153 tentia,
236 4087 340 4146 nescio:
358 4088 417 4155 ipse
432 4088 574 4142 Madvicus
593 4086 622 4138 in
641 4086 731 4140 verbis
749 4085 884 4156 “idemque
902 4089 967 4143 item
986 4088 1086 4142 contra’
1106 4087 1184 4140 dubi-

117 4178 248 4232 tationem
267 4177 383 4244 relinqui
405 4177 510 4231 fatetur.
