<?xml version="1.0" encoding="UTF-8"?>
<!DOCTYPE html PUBLIC "-//W3C//DTD XHTML 1.0 Transitional//EN"
    "http://www.w3.org/TR/xhtml1/DTD/xhtml1-transitional.dtd">
<html xmlns="http://www.w3.org/1999/xhtml" xml:lang="en" lang="en">
 <head>
  <title>
</title>
<meta http-equiv="Content-Type" content="text/html;charset=utf-8" />
  <meta name='ocr-system' content='tesseract 3.04.00' />
  <meta name='ocr-capabilities' content='ocr_page ocr_carea ocr_par ocr_line ocrx_word'/>
</head>
<body>
  <div class='ocr_page' id='page_1' title='image "./quaestionesvarr01reitgoog_0084.png"; bbox 0 0 2908 4846; ppageno 0'>
   <div class='ocr_carea' id='block_1_1' title="bbox 612 431 652 491">
    <p class='ocr_par' dir='ltr' id='par_1_1' title="bbox 612 431 652 491">
     <span class='ocr_line' id='line_1_1' title="bbox 612 431 652 491; baseline 0.025 -1"><span class='ocrx_word' id='word_1_1' title='bbox 612 431 652 491; x_wconf 80' lang='lat'>75</span> 
     </span>
    </p>
   </div>
   <div class='ocr_carea' id='block_1_2' title="bbox 88 617 1165 1140">
    <p class='ocr_par' dir='ltr' id='par_1_2' title="bbox 88 617 1165 1140">
     <span class='ocr_line' id='line_1_2' title="bbox 205 617 1163 701; baseline 0 -21"><span class='ocrx_word' id='word_1_2' title='bbox 205 617 299 681; x_wconf 86' lang='lat' dir='ltr'>Alius</span> <span class='ocrx_word' id='word_1_3' title='bbox 324 623 372 681; x_wconf 89' lang='lat' dir='ltr'>est</span> <span class='ocrx_word' id='word_1_4' title='bbox 393 619 492 698; x_wconf 78' lang='lat' dir='ltr'>locuS,</span> <span class='ocrx_word' id='word_1_5' title='bbox 517 617 573 680; x_wconf 92' lang='lat' dir='ltr'>ubi</span> <span class='ocrx_word' id='word_1_6' title='bbox 597 617 791 681; x_wconf 74' lang='lat' dir='ltr'>Muellerum</span> <span class='ocrx_word' id='word_1_7' title='bbox 820 637 878 680; x_wconf 91' lang='lat' dir='ltr'>sua</span> <span class='ocrx_word' id='word_1_8' title='bbox 902 619 1085 681; x_wconf 82' lang='lat' dir='ltr'>coniectura</span> <span class='ocrx_word' id='word_1_9' title='bbox 1107 637 1163 701; x_wconf 89' lang='lat' dir='ltr'>ge-</span> 
     </span>
     <span class='ocr_line' id='line_1_3' title="bbox 88 725 1160 809; baseline -0.004 -17"><span class='ocrx_word' id='word_1_10' title='bbox 88 730 233 792; x_wconf 90' lang='lat' dir='ltr'>nuinam</span> <span class='ocrx_word' id='word_1_11' title='bbox 252 728 421 792; x_wconf 89' lang='lat' dir='ltr'>lectionem</span> <span class='ocrx_word' id='word_1_12' title='bbox 439 734 625 792; x_wconf 88' lang='lat' dir='ltr'>assecutum</span> <span class='ocrx_word' id='word_1_13' title='bbox 645 747 715 792; x_wconf 90' lang='lat' dir='ltr'>esse</span> <span class='ocrx_word' id='word_1_14' title='bbox 731 727 841 790; x_wconf 89' lang='lat' dir='ltr'>credas</span> <span class='ocrx_word' id='word_1_15' title='bbox 856 725 916 807; x_wconf 80' lang='lat' dir='ltr'>IX,</span> <span class='ocrx_word' id='word_1_16' title='bbox 933 727 951 808; x_wconf 62' lang='grc' dir='ltr'>ξ</span> <span class='ocrx_word' id='word_1_17' title='bbox 970 728 1020 808; x_wconf 81' lang='grc'>79,</span> <span class='ocrx_word' id='word_1_18' title='bbox 1036 747 1064 809; x_wconf 89' lang='lat' dir='ltr'>p.</span> <span class='ocrx_word' id='word_1_19' title='bbox 1083 726 1160 788; x_wconf 82' lang='lat'>514:</span> 
     </span>
     <span class='ocr_line' id='line_1_4' title="bbox 91 835 1165 920; baseline -0.002 -20"><span class='ocrx_word' id='word_1_20' title='bbox 91 838 201 902; x_wconf 79' lang='lat' dir='ltr'>‘Haec</span> <span class='ocrx_word' id='word_1_21' title='bbox 224 838 399 901; x_wconf 89' lang='lat' dir='ltr'>ostendunt</span> <span class='ocrx_word' id='word_1_22' title='bbox 422 857 506 900; x_wconf 83' lang='lat' dir='ltr'>nova</span> <span class='ocrx_word' id='word_1_23' title='bbox 529 857 594 901; x_wconf 90' lang='lat' dir='ltr'>non</span> <span class='ocrx_word' id='word_1_24' title='bbox 619 837 789 920; x_wconf 83' lang='lat' dir='ltr'>analogian</span> <span class='ocrx_word' id='word_1_25' title='bbox 813 855 892 913; x_wconf 73' lang='lat' dir='ltr'>esse,</span> <span class='ocrx_word' id='word_1_26' title='bbox 927 835 982 899; x_wconf 90' lang='lat' dir='ltr'>sed</span> <span class='ocrx_word' id='word_1_27' title='bbox 1016 835 1165 917; x_wconf 91' lang='lat' dir='ltr'>obliquos</span> 
     </span>
     <span class='ocr_line' id='line_1_5' title="bbox 91 937 1164 1031; baseline -0.003 -21"><span class='ocrx_word' id='word_1_28' title='bbox 91 967 193 1011; x_wconf 90' lang='lat' dir='ltr'>casus</span> <span class='ocrx_word' id='word_1_29' title='bbox 216 967 283 1010; x_wconf 91' lang='lat' dir='ltr'>non</span> <span class='ocrx_word' id='word_1_30' title='bbox 305 947 422 1010; x_wconf 91' lang='lat' dir='ltr'>habere</span> <span class='ocrx_word' id='word_1_31' title='bbox 445 955 541 1030; x_wconf 91' lang='lat' dir='ltr'>caput</span> <span class='ocrx_word' id='word_1_32' title='bbox 564 967 605 1010; x_wconf 83' lang='lat' dir='ltr'>ex</span> <span class='ocrx_word' id='word_1_33' title='bbox 630 967 688 1011; x_wconf 90' lang='lat' dir='ltr'>sua</span> <span class='ocrx_word' id='word_1_34' title='bbox 712 937 878 1031; x_wconf 87' lang='lat' dir='ltr'>analogia.’</span> <span class='ocrx_word' id='word_1_35' title='bbox 925 945 977 1008; x_wconf 84' lang='lat' dir='ltr'>Sic</span> <span class='ocrx_word' id='word_1_36' title='bbox 1001 946 1086 1007; x_wconf 90' lang='lat' dir='ltr'>enirn</span> <span class='ocrx_word' id='word_1_37' title='bbox 1112 964 1164 1007; x_wconf 91' lang='lat' dir='ltr'>co-</span> 
     </span>
     <span class='ocr_line' id='line_1_6' title="bbox 92 1055 1165 1140; baseline -0.005 -20"><span class='ocrx_word' id='word_1_38' title='bbox 92 1055 222 1138; x_wconf 70' lang='lat' dir='ltr'>dicesll</span> <span class='ocrx_word' id='word_1_39' title='bbox 246 1077 310 1120; x_wconf 92' lang='lat' dir='ltr'>non</span> <span class='ocrx_word' id='word_1_40' title='bbox 337 1057 423 1139; x_wconf 92' lang='lat' dir='ltr'>quod</span> <span class='ocrx_word' id='word_1_41' title='bbox 448 1077 466 1118; x_wconf 92' lang='lat' dir='ltr'>a</span> <span class='ocrx_word' id='word_1_42' title='bbox 489 1056 658 1140; x_wconf 83' lang='lat' dir='ltr'>Spengelio</span> <span class='ocrx_word' id='word_1_43' title='bbox 693 1077 730 1120; x_wconf 86' lang='lat' dir='ltr'>ao</span> <span class='ocrx_word' id='word_1_44' title='bbox 753 1055 908 1119; x_wconf 88' lang='lat' dir='ltr'>Muellero</span> <span class='ocrx_word' id='word_1_45' title='bbox 943 1056 977 1116; x_wconf 92' lang='lat' dir='ltr'>in</span> <span class='ocrx_word' id='word_1_46' title='bbox 1010 1058 1165 1117; x_wconf 86' lang='lat' dir='ltr'>contextu</span> 
     </span>
    </p>
   </div>
   <div class='ocr_carea' id='block_1_3' title="bbox 1 1165 1165 1250">
    <p class='ocr_par' dir='ltr' id='par_1_3' title="bbox 1 1165 1165 1250">
     <span class='ocr_line' id='line_1_7' title="bbox 1 1165 1165 1250; baseline -0.007 -19"><span class='ocrx_word' id='word_1_47' title='bbox 1 1207 2 1216; x_wconf 27' lang='grc' dir='ltr'><strong>κ</strong></span> <span class='ocrx_word' id='word_1_48' title='bbox 92 1169 241 1250; x_wconf 92' lang='lat' dir='ltr'>positum</span> <span class='ocrx_word' id='word_1_49' title='bbox 266 1167 357 1229; x_wconf 89' lang='lat' dir='ltr'>vides</span> <span class='ocrx_word' id='word_1_50' title='bbox 382 1165 482 1228; x_wconf 69' lang='lat' dir='ltr'>‘Haeo</span> <span class='ocrx_word' id='word_1_51' title='bbox 506 1165 679 1228; x_wconf 88' lang='lat' dir='ltr'>ostendunt</span> <span class='ocrx_word' id='word_1_52' title='bbox 709 1185 774 1230; x_wconf 91' lang='lat' dir='ltr'>non</span> <span class='ocrx_word' id='word_1_53' title='bbox 799 1165 968 1248; x_wconf 82' lang='lat' dir='ltr'>analogian</span> <span class='ocrx_word' id='word_1_54' title='bbox 996 1182 1063 1225; x_wconf 89' lang='lat' dir='ltr'>non</span> <span class='ocrx_word' id='word_1_55' title='bbox 1086 1181 1165 1241; x_wconf 73' lang='lat' dir='ltr'>esse,</span> 
     </span>
    </p>
   </div>
   <div class='ocr_carea' id='block_1_4' title="bbox 1 1275 1168 2230">
    <p class='ocr_par' dir='ltr' id='par_1_4' title="bbox 1 1275 261 1356">
     <span class='ocr_line' id='line_1_8' title="bbox 1 1275 261 1356; baseline -0.008 -16"><span class='ocrx_word' id='word_1_56' title='bbox 1 1287 2 1356; x_wconf 20' lang='grc' dir='ltr'>ᾗ</span> <span class='ocrx_word' id='word_1_57' title='bbox 93 1277 156 1339; x_wconf 87' lang='lat' dir='ltr'>sed</span> <span class='ocrx_word' id='word_1_58' title='bbox 182 1326 188 1338; x_wconf 89' lang='lat'>.</span> <span class='ocrx_word' id='word_1_59' title='bbox 212 1325 218 1338; x_wconf 89' lang='lat'><strong>.</strong></span> <span class='ocrx_word' id='word_1_60' title='bbox 244 1275 261 1337; x_wconf 89' lang='lat'>.’</span> 
     </span>
    </p>

    <p class='ocr_par' dir='ltr' id='par_1_5' title="bbox 1 1363 1168 2230">
     <span class='ocr_line' id='line_1_9' title="bbox 1 1363 1165 1468; baseline -0.007 -18"><span class='ocrx_word' id='word_1_61' title='bbox 1 1363 2 1382; x_wconf 13' lang='grc' dir='ltr'><strong>Χ</strong></span> <span class='ocrx_word' id='word_1_62' title='bbox 208 1389 316 1468; x_wconf 83' lang='lat' dir='ltr'>Atque</span> <span class='ocrx_word' id='word_1_63' title='bbox 339 1385 399 1448; x_wconf 89' lang='lat' dir='ltr'>hoc</span> <span class='ocrx_word' id='word_1_64' title='bbox 424 1386 561 1448; x_wconf 89' lang='lat' dir='ltr'>alterum</span> <span class='ocrx_word' id='word_1_65' title='bbox 586 1384 673 1447; x_wconf 78' lang='lat' dir='ltr'>‘non’</span> <span class='ocrx_word' id='word_1_66' title='bbox 697 1387 792 1448; x_wconf 88' lang='lat' dir='ltr'>etiam</span> <span class='ocrx_word' id='word_1_67' title='bbox 818 1383 850 1446; x_wconf 83' lang='lat' dir='ltr'>O.</span> <span class='ocrx_word' id='word_1_68' title='bbox 872 1383 903 1445; x_wconf 73' lang='lat' dir='ltr'>ll.</span> <span class='ocrx_word' id='word_1_69' title='bbox 920 1383 971 1445; x_wconf 93' lang='lat' dir='ltr'>W.</span> <span class='ocrx_word' id='word_1_70' title='bbox 989 1381 1165 1444; x_wconf 80' lang='lat' dir='ltr'>Muellerus</span> 
     </span>
     <span class='ocr_line' id='line_1_10' title="bbox 1 1473 1167 1579; baseline -0.008 -20"><span class='ocrx_word' id='word_1_71' title='bbox 1 1529 2 1570; x_wconf 54' lang='lat'>1</span> <span class='ocrx_word' id='word_1_72' title='bbox 94 1495 215 1579; x_wconf 88' lang='lat' dir='ltr'>probat</span> <span class='ocrx_word' id='word_1_73' title='bbox 238 1494 358 1576; x_wconf 86' lang='lat' dir='ltr'>(nescit,</span> <span class='ocrx_word' id='word_1_74' title='bbox 393 1515 460 1558; x_wconf 91' lang='lat' dir='ltr'>non</span> <span class='ocrx_word' id='word_1_75' title='bbox 483 1495 637 1557; x_wconf 89' lang='lat' dir='ltr'>traditum</span> <span class='ocrx_word' id='word_1_76' title='bbox 667 1508 757 1578; x_wconf 85' lang='lat' dir='ltr'>esse),</span> <span class='ocrx_word' id='word_1_77' title='bbox 776 1473 797 1557; x_wconf 90' lang='lat' dir='ltr'>e</span> <span class='ocrx_word' id='word_1_78' title='bbox 822 1493 947 1556; x_wconf 89' lang='lat' dir='ltr'>duobus</span> <span class='ocrx_word' id='word_1_79' title='bbox 971 1489 1167 1554; x_wconf 88' lang='lat' dir='ltr'>autemillis</span> 
     </span>
     <span class='ocr_line' id='line_1_11' title="bbox 97 1597 1166 1682; baseline -0.006 -15.577"><span class='ocrx_word' id='word_1_80' title='bbox 97 1605 198 1667; x_wconf 76' lang='lat' dir='ltr'>‘nova</span> <span class='ocrx_word' id='word_1_81' title='bbox 220 1604 296 1668; x_wconf 88' lang='lat' dir='ltr'>non&#39;</span> <span class='ocrx_word' id='word_1_82' title='bbox 320 1605 484 1668; x_wconf 84' lang='lat' dir='ltr'>vocabulis</span> <span class='ocrx_word' id='word_1_83' title='bbox 506 1597 615 1666; x_wconf 77' lang='lat' dir='ltr'>‘efficit</span> <span class='ocrx_word' id='word_1_84' title='bbox 638 1604 764 1666; x_wconf 77' lang='lat' dir='ltr'>noonu&#39;.</span> <span class='ocrx_word' id='word_1_85' title='bbox 812 1601 872 1666; x_wconf 80' lang='lat' dir='ltr'>Oui</span> <span class='ocrx_word' id='word_1_86' title='bbox 903 1600 1065 1682; x_wconf 83' lang='lat' dir='ltr'>negationi</span> <span class='ocrx_word' id='word_1_87' title='bbox 1094 1617 1166 1662; x_wconf 90' lang='lat' dir='ltr'>sen·</span> 
     </span>
     <span class='ocr_line' id='line_1_12' title="bbox 1 1705 1166 1799; baseline -0.006 -22"><span class='ocrx_word' id='word_1_88' title='bbox 1 1705 2 1799; x_wconf 50' lang='lat' dir='ltr'>J</span> <span class='ocrx_word' id='word_1_89' title='bbox 98 1734 161 1777; x_wconf 91' lang='lat' dir='ltr'>sus</span> <span class='ocrx_word' id='word_1_90' title='bbox 193 1714 255 1776; x_wconf 88' lang='lat' dir='ltr'>loci</span> <span class='ocrx_word' id='word_1_91' title='bbox 289 1714 462 1776; x_wconf 88' lang='lat' dir='ltr'>admodum</span> <span class='ocrx_word' id='word_1_92' title='bbox 485 1713 586 1792; x_wconf 81' lang='lat' dir='ltr'>iavet3</span> <span class='ocrx_word' id='word_1_93' title='bbox 618 1733 748 1776; x_wconf 89' lang='lat' dir='ltr'>causam</span> <span class='ocrx_word' id='word_1_94' title='bbox 781 1734 839 1776; x_wconf 89' lang='lat' dir='ltr'>cur</span> <span class='ocrx_word' id='word_1_95' title='bbox 871 1712 1062 1795; x_wconf 80' lang='lat' dir='ltr'>recipiamus</span> <span class='ocrx_word' id='word_1_96' title='bbox 1095 1727 1166 1771; x_wconf 89' lang='lat' dir='ltr'>eam</span> 
     </span>
     <span class='ocr_line' id='line_1_13' title="bbox 1 1811 1167 1906; baseline 0 -26"><span class='ocrx_word' id='word_1_97' title='bbox 1 1811 2 1880; x_wconf 60' lang='grc' dir='ltr'>ζ</span> <span class='ocrx_word' id='word_1_98' title='bbox 97 1841 170 1885; x_wconf 91' lang='lat' dir='ltr'>non</span> <span class='ocrx_word' id='word_1_99' title='bbox 192 1823 294 1886; x_wconf 86' lang='lat' dir='ltr'>video.</span> <span class='ocrx_word' id='word_1_100' title='bbox 340 1822 408 1906; x_wconf 85' lang='lat' dir='ltr'>Ego</span> <span class='ocrx_word' id='word_1_101' title='bbox 431 1825 465 1885; x_wconf 92' lang='lat' dir='ltr'>in</span> <span class='ocrx_word' id='word_1_102' title='bbox 491 1823 595 1885; x_wconf 73' lang='lat' dir='ltr'>‘nova’</span> <span class='ocrx_word' id='word_1_103' title='bbox 619 1842 696 1886; x_wconf 86' lang='lat' dir='ltr'>voce</span> <span class='ocrx_word' id='word_1_104' title='bbox 722 1823 799 1906; x_wconf 89' lang='lat' dir='ltr'>quid</span> <span class='ocrx_word' id='word_1_105' title='bbox 824 1823 988 1885; x_wconf 90' lang='lat' dir='ltr'>delitescat</span> <span class='ocrx_word' id='word_1_106' title='bbox 1004 1820 1032 1883; x_wconf 86' lang='lat' dir='ltr'>si</span> <span class='ocrx_word' id='word_1_107' title='bbox 1049 1837 1167 1901; x_wconf 86' lang='lat' dir='ltr'>quaero</span> 
     </span>
     <span class='ocr_line' id='line_1_14' title="bbox 97 1925 1167 2016; baseline -0.003 -23"><span class='ocrx_word' id='word_1_108' title='bbox 97 1951 281 2014; x_wconf 81' lang='lat' dir='ltr'>pronomen</span> <span class='ocrx_word' id='word_1_109' title='bbox 309 1935 417 2015; x_wconf 86' lang='lat' dir='ltr'>potius</span> <span class='ocrx_word' id='word_1_110' title='bbox 450 1933 536 2015; x_wconf 92' lang='lat' dir='ltr'>quod</span> <span class='ocrx_word' id='word_1_111' title='bbox 568 1938 615 1995; x_wconf 93' lang='lat' dir='ltr'>est</span> <span class='ocrx_word' id='word_1_112' title='bbox 639 1931 753 1996; x_wconf 69' lang='lat' dir='ltr'>‘nobis’</span> <span class='ocrx_word' id='word_1_113' title='bbox 777 1932 949 2016; x_wconf 90' lang='lat' dir='ltr'>legendum</span> <span class='ocrx_word' id='word_1_114' title='bbox 985 1925 1167 2012; x_wconf 79' lang='lat' dir='ltr'>propono,2)</span> 
     </span>
     <span class='ocr_line' id='line_1_15' title="bbox 1 2016 1168 2125; baseline -0.003 -22"><span class='ocrx_word' id='word_1_115' title='bbox 1 2065 2 2080; x_wconf 54' lang='lat'>¹</span> <span class='ocrx_word' id='word_1_116' title='bbox 100 2042 162 2104; x_wconf 86' lang='lat' dir='ltr'>sic:</span> <span class='ocrx_word' id='word_1_117' title='bbox 176 2033 279 2104; x_wconf 82' lang='lat' dir='ltr'>‘Haeo</span> <span class='ocrx_word' id='word_1_118' title='bbox 292 2041 465 2104; x_wconf 90' lang='lat' dir='ltr'>ostendunt</span> <span class='ocrx_word' id='word_1_119' title='bbox 480 2041 573 2104; x_wconf 89' lang='lat' dir='ltr'>nobis</span> <span class='ocrx_word' id='word_1_120' title='bbox 589 2061 654 2104; x_wconf 92' lang='lat' dir='ltr'>non</span> <span class='ocrx_word' id='word_1_121' title='bbox 668 2043 845 2125; x_wconf 86' lang='lat' dir='ltr'>analogiam</span> <span class='ocrx_word' id='word_1_122' title='bbox 862 2038 953 2125; x_wconf 84' lang='lat' dir='ltr'>non3)</span> <span class='ocrx_word' id='word_1_123' title='bbox 970 2032 1049 2119; x_wconf 81' lang='lat' dir='ltr'>esse,</span> <span class='ocrx_word' id='word_1_124' title='bbox 1066 2038 1122 2101; x_wconf 86' lang='lat' dir='ltr'>sed</span> <span class='ocrx_word' id='word_1_125' title='bbox 1133 2087 1139 2099; x_wconf 93' lang='lat'>.</span> <span class='ocrx_word' id='word_1_126' title='bbox 1151 2016 1168 2096; x_wconf 82' lang='lat'>.&#39;</span> 
     </span>
     <span class='ocr_line' id='line_1_16' title="bbox 212 2150 1168 2230; baseline -0.006 -15"><span class='ocrx_word' id='word_1_127' title='bbox 212 2150 296 2215; x_wconf 85' lang='lat' dir='ltr'>Scito</span> <span class='ocrx_word' id='word_1_128' title='bbox 334 2152 419 2214; x_wconf 92' lang='lat' dir='ltr'>enim</span> <span class='ocrx_word' id='word_1_129' title='bbox 452 2151 633 2214; x_wconf 85' lang='lat' dir='ltr'>Varronem</span> <span class='ocrx_word' id='word_1_130' title='bbox 671 2152 721 2214; x_wconf 90' lang='lat' dir='ltr'>his</span> <span class='ocrx_word' id='word_1_131' title='bbox 754 2151 862 2214; x_wconf 86' lang='lat' dir='ltr'>verbis</span> <span class='ocrx_word' id='word_1_132' title='bbox 897 2170 989 2214; x_wconf 90' lang='lat' dir='ltr'>suam</span> <span class='ocrx_word' id='word_1_133' title='bbox 1026 2166 1168 2230; x_wconf 88' lang='lat' dir='ltr'>suaeque</span> 
     </span>
    </p>
   </div>
   <div class='ocr_carea' id='block_1_5' title="bbox 1 2259 1168 2455">
    <p class='ocr_par' dir='ltr' id='par_1_6' title="bbox 1 2259 1168 2455">
     <span class='ocr_line' id='line_1_17' title="bbox 1 2259 1168 2344; baseline -0.006 -19"><span class='ocrx_word' id='word_1_134' title='bbox 1 2269 2 2274; x_wconf 77' lang='grc'>’</span> <span class='ocrx_word' id='word_1_135' title='bbox 101 2263 252 2324; x_wconf 86' lang='lat' dir='ltr'>lactionis</span> <span class='ocrx_word' id='word_1_136' title='bbox 276 2263 467 2325; x_wconf 89' lang='lat' dir='ltr'>sententiam</span> <span class='ocrx_word' id='word_1_137' title='bbox 492 2261 683 2324; x_wconf 88' lang='lat' dir='ltr'>adversariis</span> <span class='ocrx_word' id='word_1_138' title='bbox 708 2280 875 2344; x_wconf 85' lang='lat' dir='ltr'>opponere,</span> <span class='ocrx_word' id='word_1_139' title='bbox 908 2278 1007 2342; x_wconf 87' lang='lat' dir='ltr'>quare</span> <span class='ocrx_word' id='word_1_140' title='bbox 1038 2259 1096 2340; x_wconf 91' lang='lat' dir='ltr'>qui</span> <span class='ocrx_word' id='word_1_141' title='bbox 1119 2259 1168 2319; x_wconf 92' lang='lat' dir='ltr'>in-</span> 
     </span>
     <span class='ocr_line' id='line_1_18' title="bbox 1 2369 954 2455; baseline -0.003 -21"><span class='ocrx_word' id='word_1_142' title='bbox 1 2397 2 2400; x_wconf 43' lang='lat'><em>*</em></span> <span class='ocrx_word' id='word_1_143' title='bbox 101 2371 184 2435; x_wconf 90' lang='lat' dir='ltr'>utile</span> <span class='ocrx_word' id='word_1_144' title='bbox 207 2391 278 2434; x_wconf 88' lang='lat' dir='ltr'>esse</span> <span class='ocrx_word' id='word_1_145' title='bbox 301 2391 477 2455; x_wconf 84' lang='lat' dir='ltr'>pronomen</span> <span class='ocrx_word' id='word_1_146' title='bbox 501 2371 707 2452; x_wconf 82' lang='lat' dir='ltr'>arbitrantur,</span> <span class='ocrx_word' id='word_1_147' title='bbox 730 2369 811 2432; x_wconf 85' lang='lat' dir='ltr'>nihil</span> <span class='ocrx_word' id='word_1_148' title='bbox 835 2369 954 2432; x_wconf 88' lang='lat' dir='ltr'>dieunt.</span> 
     </span>
    </p>
   </div>
   <div class='ocr_carea' id='block_1_6' title="bbox 213 2475 1169 2563">
    <p class='ocr_par' dir='ltr' id='par_1_7' title="bbox 213 2475 1169 2563">
     <span class='ocr_line' id='line_1_19' title="bbox 213 2475 1169 2563; baseline -0.007 -19"><span class='ocrx_word' id='word_1_149' title='bbox 213 2479 324 2544; x_wconf 88' lang='lat' dir='ltr'>Restat</span> <span class='ocrx_word' id='word_1_150' title='bbox 356 2487 392 2544; x_wconf 86' lang='lat' dir='ltr'>ut</span> <span class='ocrx_word' id='word_1_151' title='bbox 424 2481 462 2544; x_wconf 91' lang='lat' dir='ltr'>de</span> <span class='ocrx_word' id='word_1_152' title='bbox 497 2500 562 2544; x_wconf 92' lang='lat' dir='ltr'>uno</span> <span class='ocrx_word' id='word_1_153' title='bbox 595 2482 693 2543; x_wconf 91' lang='lat' dir='ltr'>huius</span> <span class='ocrx_word' id='word_1_154' title='bbox 726 2480 907 2563; x_wconf 83' lang='lat' dir='ltr'>negationis</span> <span class='ocrx_word' id='word_1_155' title='bbox 932 2477 1080 2560; x_wconf 82' lang='lat' dir='ltr'>exemplo</span> <span class='ocrx_word' id='word_1_156' title='bbox 1106 2475 1169 2538; x_wconf 93' lang='lat' dir='ltr'>dis-</span> 
     </span>
    </p>
   </div>
   <div class='ocr_carea' id='block_1_7' title="bbox 1 2583 1171 2891">
    <p class='ocr_par' dir='ltr' id='par_1_8' title="bbox 1 2583 1171 2891">
     <span class='ocr_line' id='line_1_20' title="bbox 1 2583 1171 2674; baseline -0.012 -14"><span class='ocrx_word' id='word_1_157' title='bbox 1 2645 2 2660; x_wconf 64' lang='grc'>,</span> <span class='ocrx_word' id='word_1_158' title='bbox 103 2609 219 2672; x_wconf 82' lang='lat' dir='ltr'>seram,</span> <span class='ocrx_word' id='word_1_159' title='bbox 243 2591 330 2673; x_wconf 93' lang='lat' dir='ltr'>quod</span> <span class='ocrx_word' id='word_1_160' title='bbox 354 2611 411 2674; x_wconf 91' lang='lat' dir='ltr'>ego</span> <span class='ocrx_word' id='word_1_161' title='bbox 436 2591 529 2653; x_wconf 88' lang='lat' dir='ltr'>attuli</span> <span class='ocrx_word' id='word_1_162' title='bbox 553 2589 643 2669; x_wconf 82' lang='lat' dir='ltr'>VlII,</span> <span class='ocrx_word' id='word_1_163' title='bbox 667 2591 685 2671; x_wconf 62' lang='grc' dir='ltr'><em>ξ</em></span> <span class='ocrx_word' id='word_1_164' title='bbox 710 2590 752 2652; x_wconf 87' lang='grc'>69</span> <span class='ocrx_word' id='word_1_165' title='bbox 778 2610 805 2672; x_wconf 90' lang='lat' dir='ltr'>p.</span> <span class='ocrx_word' id='word_1_166' title='bbox 831 2589 896 2650; x_wconf 79' lang='lat'>443</span> <span class='ocrx_word' id='word_1_167' title='bbox 921 2583 990 2654; x_wconf 72' lang='lat' dir='ltr'>‘sib</span> <span class='ocrx_word' id='word_1_168' title='bbox 1015 2587 1110 2666; x_wconf 83' lang='lat' dir='ltr'>enim,</span> <span class='ocrx_word' id='word_1_169' title='bbox 1134 2589 1171 2647; x_wconf 91' lang='lat' dir='ltr'>ut</span> 
     </span>
     <span class='ocr_line' id='line_1_21' title="bbox 1 2697 1171 2784; baseline -0.006 -21"><span class='ocrx_word' id='word_1_170' title='bbox 1 2713 2 2756; x_wconf 63' lang='grc' dir='ltr'>ἒ</span> <span class='ocrx_word' id='word_1_171' title='bbox 106 2701 252 2784; x_wconf 90' lang='lat' dir='ltr'>quidque</span> <span class='ocrx_word' id='word_1_172' title='bbox 286 2701 320 2762; x_wconf 92' lang='lat' dir='ltr'>in</span> <span class='ocrx_word' id='word_1_173' title='bbox 354 2699 493 2782; x_wconf 88' lang='lat' dir='ltr'>obliquis</span> <span class='ocrx_word' id='word_1_174' title='bbox 527 2699 655 2762; x_wconf 85' lang='lat' dir='ltr'>casibus</span> <span class='ocrx_word' id='word_1_175' title='bbox 688 2699 890 2781; x_wconf 79' lang='lat' dir='ltr'>discrepavit,</span> <span class='ocrx_word' id='word_1_176' title='bbox 924 2697 1029 2759; x_wconf 88' lang='lat' dir='ltr'>dicere</span> <span class='ocrx_word' id='word_1_177' title='bbox 1057 2697 1171 2778; x_wconf 81' lang='lat' dir='ltr'>potuit⁷</span> 
     </span>
     <span class='ocr_line' id='line_1_22' title="bbox 1 2803 1169 2891; baseline -0.005 -20"><span class='ocrx_word' id='word_1_178' title='bbox 1 2819 2 2824; x_wconf 76' lang='grc'>’</span> <span class='ocrx_word' id='word_1_179' title='bbox 103 2807 235 2891; x_wconf 80' lang='lat' dir='ltr'>propter</span> <span class='ocrx_word' id='word_1_180' title='bbox 269 2828 339 2871; x_wconf 91' lang='lat' dir='ltr'>eam</span> <span class='ocrx_word' id='word_1_181' title='bbox 374 2828 442 2872; x_wconf 92' lang='lat' dir='ltr'>rem</span> <span class='ocrx_word' id='word_1_182' title='bbox 477 2813 580 2872; x_wconf 91' lang='lat' dir='ltr'>rectos</span> <span class='ocrx_word' id='word_1_183' title='bbox 615 2827 709 2870; x_wconf 90' lang='lat' dir='ltr'>casus</span> <span class='ocrx_word' id='word_1_184' title='bbox 745 2810 812 2871; x_wconf 90' lang='lat' dir='ltr'>noti</span> <span class='ocrx_word' id='word_1_185' title='bbox 848 2826 917 2871; x_wconf 89' lang='lat' dir='ltr'>esse</span> <span class='ocrx_word' id='word_1_186' title='bbox 946 2805 1080 2869; x_wconf 90' lang='lat' dir='ltr'>similes:</span> <span class='ocrx_word' id='word_1_187' title='bbox 1117 2803 1169 2850; x_wconf 85' lang='lat'>—’</span> 
     </span>
    </p>
   </div>
   <div class='ocr_carea' id='block_1_8' title="bbox 105 2909 1172 3218">
    <p class='ocr_par' dir='ltr' id='par_1_9' title="bbox 105 2909 1172 3218">
     <span class='ocr_line' id='line_1_23' title="bbox 105 2909 1172 3002; baseline -0.001 -25"><span class='ocrx_word' id='word_1_188' title='bbox 105 2915 268 3001; x_wconf 86' lang='lat' dir='ltr'>Vulgatae</span> <span class='ocrx_word' id='word_1_189' title='bbox 300 2919 446 2982; x_wconf 86' lang='lat' dir='ltr'>lectionis</span> <span class='ocrx_word' id='word_1_190' title='bbox 478 2937 535 3002; x_wconf 91' lang='lat' dir='ltr'>pro</span> <span class='ocrx_word' id='word_1_191' title='bbox 560 2916 648 2979; x_wconf 72' lang='lat' dir='ltr'>‘noti’</span> <span class='ocrx_word' id='word_1_192' title='bbox 682 2922 730 2980; x_wconf 91' lang='lat' dir='ltr'>est</span> <span class='ocrx_word' id='word_1_193' title='bbox 750 2909 850 2999; x_wconf 79' lang='lat' dir='ltr'>‘non&#39;‚</span> <span class='ocrx_word' id='word_1_194' title='bbox 883 2915 969 2999; x_wconf 92' lang='lat' dir='ltr'>quod</span> <span class='ocrx_word' id='word_1_195' title='bbox 993 2920 1025 2977; x_wconf 92' lang='lat' dir='ltr'>et</span> <span class='ocrx_word' id='word_1_196' title='bbox 1047 2919 1172 2977; x_wconf 82' lang='lat' dir='ltr'>veteres</span> 
     </span>
     <span class='ocr_line' id='line_1_24' title="bbox 108 3027 1171 3109; baseline -0.007 -19"><span class='ocrx_word' id='word_1_197' title='bbox 108 3027 242 3109; x_wconf 88' lang='lat' dir='ltr'>quidam</span> <span class='ocrx_word' id='word_1_198' title='bbox 281 3028 419 3091; x_wconf 89' lang='lat' dir='ltr'>editores</span> <span class='ocrx_word' id='word_1_199' title='bbox 458 3034 489 3089; x_wconf 92' lang='lat' dir='ltr'>et</span> <span class='ocrx_word' id='word_1_200' title='bbox 526 3028 628 3090; x_wconf 89' lang='lat' dir='ltr'>nostri</span> <span class='ocrx_word' id='word_1_201' title='bbox 666 3028 701 3088; x_wconf 91' lang='lat' dir='ltr'>in</span> <span class='ocrx_word' id='word_1_202' title='bbox 743 3029 929 3089; x_wconf 83' lang='lat' dir='ltr'>contextum</span> <span class='ocrx_word' id='word_1_203' title='bbox 973 3027 1171 3107; x_wconf 88' lang='lat' dir='ltr'>receperunt.</span> 
     </span>
     <span class='ocr_line' id='line_1_25' title="bbox 106 3134 1172 3218; baseline -0.004 -20"><span class='ocrx_word' id='word_1_204' title='bbox 106 3135 286 3200; x_wconf 89' lang='lat' dir='ltr'>Muellerus</span> <span class='ocrx_word' id='word_1_205' title='bbox 310 3137 395 3199; x_wconf 91' lang='lat' dir='ltr'>haud</span> <span class='ocrx_word' id='word_1_206' title='bbox 419 3137 484 3200; x_wconf 82' lang='lat' dir='ltr'>scio</span> <span class='ocrx_word' id='word_1_207' title='bbox 509 3149 549 3198; x_wconf 86' lang='lat' dir='ltr'>an</span> <span class='ocrx_word' id='word_1_208' title='bbox 574 3137 661 3198; x_wconf 91' lang='lat' dir='ltr'>hunc</span> <span class='ocrx_word' id='word_1_209' title='bbox 686 3155 815 3218; x_wconf 88' lang='lat' dir='ltr'>quoquo</span> <span class='ocrx_word' id='word_1_210' title='bbox 839 3137 955 3216; x_wconf 73' lang='lat' dir='ltr'>locum,</span> <span class='ocrx_word' id='word_1_211' title='bbox 978 3138 1015 3196; x_wconf 91' lang='lat' dir='ltr'>ut</span> <span class='ocrx_word' id='word_1_212' title='bbox 1031 3134 1088 3216; x_wconf 90' lang='lat' dir='ltr'>qui</span> <span class='ocrx_word' id='word_1_213' title='bbox 1103 3152 1172 3195; x_wconf 88' lang='lat' dir='ltr'>cor-</span> 
     </span>
    </p>
   </div>
   <div class='ocr_carea' id='block_1_9' title="bbox 1 3242 1171 3329">
    <p class='ocr_par' dir='ltr' id='par_1_10' title="bbox 1 3242 1171 3329">
     <span class='ocr_line' id='line_1_26' title="bbox 1 3242 1171 3329; baseline -0.004 -21"><span class='ocrx_word' id='word_1_214' title='bbox 1 3313 2 3318; x_wconf 14' lang='lat'><em>*</em></span> <span class='ocrx_word' id='word_1_215' title='bbox 106 3251 239 3329; x_wconf 86' lang='lat' dir='ltr'>ruptam</span> <span class='ocrx_word' id='word_1_216' title='bbox 271 3245 423 3329; x_wconf 83' lang='lat' dir='ltr'>praebeat</span> <span class='ocrx_word' id='word_1_217' title='bbox 456 3247 675 3329; x_wconf 81' lang='lat' dir='ltr'>negationem,</span> <span class='ocrx_word' id='word_1_218' title='bbox 713 3247 747 3308; x_wconf 92' lang='lat' dir='ltr'>in</span> <span class='ocrx_word' id='word_1_219' title='bbox 784 3245 1005 3328; x_wconf 84' lang='lat' dir='ltr'>exemplorum</span> <span class='ocrx_word' id='word_1_220' title='bbox 1040 3242 1171 3304; x_wconf 90' lang='lat' dir='ltr'>illorum</span> 
     </span>
    </p>
   </div>
   <div class='ocr_carea' id='block_1_10' title="bbox 72 3351 1175 3656">
    <p class='ocr_par' dir='ltr' id='par_1_11' title="bbox 72 3351 1175 3656">
     <span class='ocr_line' id='line_1_27' title="bbox 106 3351 1173 3439; baseline -0.007 -20"><span class='ocrx_word' id='word_1_221' title='bbox 106 3375 246 3419; x_wconf 87' lang='lat' dir='ltr'>numero</span> <span class='ocrx_word' id='word_1_222' title='bbox 269 3355 457 3435; x_wconf 80' lang='lat' dir='ltr'>rettulisset3</span> <span class='ocrx_word' id='word_1_223' title='bbox 483 3374 540 3439; x_wconf 90' lang='lat' dir='ltr'>ego</span> <span class='ocrx_word' id='word_1_224' title='bbox 565 3377 664 3439; x_wconf 91' lang='lat' dir='ltr'>quam</span> <span class='ocrx_word' id='word_1_225' title='bbox 680 3357 727 3419; x_wconf 90' lang='lat' dir='ltr'>illi</span> <span class='ocrx_word' id='word_1_226' title='bbox 744 3353 961 3418; x_wconf 89' lang='lat' dir='ltr'>adhibuerunt</span> <span class='ocrx_word' id='word_1_227' title='bbox 980 3351 1173 3414; x_wconf 83' lang='lat' dir='ltr'>medicinam</span> 
     </span>
     <span class='ocr_line' id='line_1_28' title="bbox 72 3464 478 3550; baseline -0.002 -22"><span class='ocrx_word' id='word_1_228' title='bbox 72 3496 74 3500; x_wconf 50' lang='lat'><strong><em>¹</em></strong></span> <span class='ocrx_word' id='word_1_229' title='bbox 106 3464 246 3550; x_wconf 91' lang='lat' dir='ltr'>probare</span> <span class='ocrx_word' id='word_1_230' title='bbox 270 3485 334 3528; x_wconf 93' lang='lat' dir='ltr'>non</span> <span class='ocrx_word' id='word_1_231' title='bbox 359 3464 478 3528; x_wconf 86' lang='lat' dir='ltr'>dubito.</span> 
     </span>
     <span class='ocr_line' id='line_1_29' title="bbox 219 3569 1175 3656; baseline -0.007 -19"><span class='ocrx_word' id='word_1_232' title='bbox 219 3572 323 3649; x_wconf 77' lang='lat' dir='ltr'>Quare</span> <span class='ocrx_word' id='word_1_233' title='bbox 357 3577 510 3656; x_wconf 92' lang='lat' dir='ltr'>quoniam</span> <span class='ocrx_word' id='word_1_234' title='bbox 544 3575 651 3636; x_wconf 88' lang='lat' dir='ltr'>omnia</span> <span class='ocrx_word' id='word_1_235' title='bbox 683 3575 782 3636; x_wconf 90' lang='lat' dir='ltr'>huius</span> <span class='ocrx_word' id='word_1_236' title='bbox 813 3572 988 3655; x_wconf 78' lang='lat' dir='ltr'>particulae</span> <span class='ocrx_word' id='word_1_237' title='bbox 1017 3569 1175 3650; x_wconf 85' lang='lat' dir='ltr'>exempla,</span> 
     </span>
    </p>
   </div>
   <div class='ocr_carea' id='block_1_11' title="bbox 110 3787 1173 4034">
    <p class='ocr_par' dir='ltr' id='par_1_12' title="bbox 110 3787 1173 4034">
     <span class='ocr_line' id='line_1_30' title="bbox 220 3787 734 3857; baseline 0.006 -15"><span class='ocrx_word' id='word_1_238' title='bbox 220 3787 247 3857; x_wconf 86' lang='lat'>1)</span> <span class='ocrx_word' id='word_1_239' title='bbox 266 3788 312 3840; x_wconf 86' lang='lat' dir='ltr'>cfr.</span> <span class='ocrx_word' id='word_1_240' title='bbox 333 3787 453 3841; x_wconf 86' lang='lat' dir='ltr'>Groth.l</span> <span class='ocrx_word' id='word_1_241' title='bbox 480 3804 501 3842; x_wconf 91' lang='lat' dir='ltr'>o.</span> <span class='ocrx_word' id='word_1_242' title='bbox 522 3805 547 3856; x_wconf 83' lang='lat' dir='ltr'>p.</span> <span class='ocrx_word' id='word_1_243' title='bbox 566 3787 609 3854; x_wconf 81' lang='lat'>59,</span> <span class='ocrx_word' id='word_1_244' title='bbox 628 3805 655 3847; x_wconf 83' lang='lat' dir='ltr'>n.</span> <span class='ocrx_word' id='word_1_245' title='bbox 674 3787 734 3844; x_wconf 75' lang='lat'>371.</span> 
     </span>
     <span class='ocr_line' id='line_1_31' title="bbox 220 3871 1173 3948; baseline -0.01 -15"><span class='ocrx_word' id='word_1_246' title='bbox 220 3879 247 3948; x_wconf 86' lang='lat'>2)</span> <span class='ocrx_word' id='word_1_247' title='bbox 266 3879 290 3932; x_wconf 86' lang='lat' dir='ltr'>V</span> <span class='ocrx_word' id='word_1_248' title='bbox 309 3881 336 3932; x_wconf 87' lang='lat' dir='ltr'>et</span> <span class='ocrx_word' id='word_1_249' title='bbox 353 3879 379 3946; x_wconf 80' lang='lat' dir='ltr'>b,</span> <span class='ocrx_word' id='word_1_250' title='bbox 399 3896 415 3932; x_wconf 88' lang='lat' dir='ltr'>a</span> <span class='ocrx_word' id='word_1_251' title='bbox 433 3881 460 3932; x_wconf 93' lang='lat' dir='ltr'>et</span> <span class='ocrx_word' id='word_1_252' title='bbox 477 3880 487 3933; x_wconf 93' lang='lat' dir='ltr'>i</span> <span class='ocrx_word' id='word_1_253' title='bbox 504 3879 608 3933; x_wconf 84' lang='lat' dir='ltr'>litteras</span> <span class='ocrx_word' id='word_1_254' title='bbox 627 3877 782 3946; x_wconf 86' lang='lat' dir='ltr'>saepissime</span> <span class='ocrx_word' id='word_1_255' title='bbox 800 3876 829 3928; x_wconf 88' lang='lat' dir='ltr'>in</span> <span class='ocrx_word' id='word_1_256' title='bbox 847 3876 891 3929; x_wconf 86' lang='lat' dir='ltr'>his</span> <span class='ocrx_word' id='word_1_257' title='bbox 908 3875 985 3928; x_wconf 86' lang='lat' dir='ltr'>libn&#39;s</span> <span class='ocrx_word' id='word_1_258' title='bbox 1004 3871 1173 3942; x_wconf 83' lang='lat' dir='ltr'>(sicutalibi)</span> 
     </span>
     <span class='ocr_line' id='line_1_32' title="bbox 110 3963 1172 4034; baseline -0.008 -10"><span class='ocrx_word' id='word_1_259' title='bbox 110 3973 185 4024; x_wconf 88' lang='lat' dir='ltr'>inter</span> <span class='ocrx_word' id='word_1_260' title='bbox 202 3985 231 4023; x_wconf 86' lang='lat' dir='ltr'>se</span> <span class='ocrx_word' id='word_1_261' title='bbox 250 3974 426 4025; x_wconf 81' lang='lat' dir='ltr'>commutatas</span> <span class='ocrx_word' id='word_1_262' title='bbox 453 3987 512 4025; x_wconf 86' lang='lat' dir='ltr'>esse</span> <span class='ocrx_word' id='word_1_263' title='bbox 543 3973 638 4025; x_wconf 84' lang='lat' dir='ltr'>docent</span> <span class='ocrx_word' id='word_1_264' title='bbox 666 3969 694 4024; x_wconf 85' lang='lat' dir='ltr'>C.</span> <span class='ocrx_word' id='word_1_265' title='bbox 715 3969 746 4024; x_wconf 92' lang='grc' dir='ltr'>Ο.</span> <span class='ocrx_word' id='word_1_266' title='bbox 764 3966 912 4022; x_wconf 86' lang='lat' dir='ltr'>Muellerus</span> <span class='ocrx_word' id='word_1_267' title='bbox 929 3966 1012 4034; x_wconf 85' lang='lat' dir='ltr'>praef.</span> <span class='ocrx_word' id='word_1_268' title='bbox 1031 3981 1057 4032; x_wconf 91' lang='lat' dir='ltr'>p.</span> <span class='ocrx_word' id='word_1_269' title='bbox 1075 3963 1172 4030; x_wconf 80' lang='lat' dir='ltr'>XXH3</span> 
     </span>
    </p>
   </div>
   <div class='ocr_carea' id='block_1_12' title="bbox 1 4059 920 4131">
    <p class='ocr_par' dir='ltr' id='par_1_13' title="bbox 1 4059 920 4131">
     <span class='ocr_line' id='line_1_33' title="bbox 1 4059 920 4131; baseline -0.009 -13"><span class='ocrx_word' id='word_1_270' title='bbox 1 4109 2 4118; x_wconf 70' lang='grc'>,</span> <span class='ocrx_word' id='word_1_271' title='bbox 110 4065 139 4119; x_wconf 83' lang='lat' dir='ltr'>C.</span> <span class='ocrx_word' id='word_1_272' title='bbox 160 4062 190 4122; x_wconf 84' lang='lat' dir='ltr'>F.</span> <span class='ocrx_word' id='word_1_273' title='bbox 210 4062 254 4118; x_wconf 90' lang='lat' dir='ltr'>W.</span> <span class='ocrx_word' id='word_1_274' title='bbox 272 4063 420 4118; x_wconf 86' lang='lat' dir='ltr'>Muellerus</span> <span class='ocrx_word' id='word_1_275' title='bbox 438 4063 455 4117; x_wconf 91' lang='lat' dir='ltr'>l.</span> <span class='ocrx_word' id='word_1_276' title='bbox 477 4079 501 4119; x_wconf 89' lang='lat' dir='ltr'>o.</span> <span class='ocrx_word' id='word_1_277' title='bbox 519 4080 544 4131; x_wconf 93' lang='lat' dir='ltr'>p.</span> <span class='ocrx_word' id='word_1_278' title='bbox 564 4062 617 4117; x_wconf 80' lang='grc'>868</span> <span class='ocrx_word' id='word_1_279' title='bbox 662 4060 753 4130; x_wconf 71' lang='lat' dir='ltr'>Grotlr.</span> <span class='ocrx_word' id='word_1_280' title='bbox 771 4059 789 4112; x_wconf 95' lang='lat' dir='ltr'>l.</span> <span class='ocrx_word' id='word_1_281' title='bbox 810 4076 832 4114; x_wconf 87' lang='lat' dir='ltr'>o.</span> <span class='ocrx_word' id='word_1_282' title='bbox 851 4075 876 4126; x_wconf 88' lang='lat' dir='ltr'>p.</span> <span class='ocrx_word' id='word_1_283' title='bbox 897 4059 920 4110; x_wconf 77' lang='lat'>7.</span> 
     </span>
    </p>
   </div>
   <div class='ocr_carea' id='block_1_13' title="bbox 219 4152 757 4318">
    <p class='ocr_par' dir='ltr' id='par_1_14' title="bbox 219 4152 757 4318">
     <span class='ocr_line' id='line_1_34' title="bbox 220 4152 757 4226; baseline -0.011 -16"><span class='ocrx_word' id='word_1_284' title='bbox 220 4156 247 4226; x_wconf 89' lang='lat'>3)</span> <span class='ocrx_word' id='word_1_285' title='bbox 265 4153 334 4210; x_wconf 75' lang='lat' dir='ltr'>‘non&#39;</span> <span class='ocrx_word' id='word_1_286' title='bbox 355 4171 369 4207; x_wconf 90' lang='lat' dir='ltr'>e</span> <span class='ocrx_word' id='word_1_287' title='bbox 388 4154 498 4222; x_wconf 82' lang='lat' dir='ltr'>uulgata</span> <span class='ocrx_word' id='word_1_288' title='bbox 516 4154 629 4208; x_wconf 91' lang='lat' dir='ltr'>lectione</span> <span class='ocrx_word' id='word_1_289' title='bbox 647 4152 757 4220; x_wconf 85' lang='lat' dir='ltr'>recipio.</span> 
     </span>
     <span class='ocr_line' id='line_1_35' title="bbox 219 4242 427 4318; baseline -0.019 -14"><span class='ocrx_word' id='word_1_290' title='bbox 219 4249 247 4318; x_wconf 88' lang='grc'>4)</span> <span class='ocrx_word' id='word_1_291' title='bbox 266 4249 347 4302; x_wconf 82' lang='lat' dir='ltr'>Codd.</span> <span class='ocrx_word' id='word_1_292' title='bbox 365 4242 427 4301; x_wconf 87' lang='lat' dir='ltr'>‘sio&#39;.</span> 
     </span>
    </p>
   </div>
   <div class='ocr_carea' id='block_1_14' title="bbox 0 0 1472 4846">
    <p class='ocr_par' dir='ltr' id='par_1_15' title="bbox 0 0 1472 4846">
     <span class='ocr_line' id='line_1_36' title="bbox 0 0 1472 4846; baseline 0 0"><span class='ocrx_word' id='word_1_293' title='bbox 0 0 1472 4846; x_wconf 95' lang='lat' dir='ltr'> </span> 
     </span>
    </p>
   </div>
  </div>
 </body>
</html>
