2908 4846
106 597 170 660 pro
196 577 275 652 ‘ita’3
307 581 374 640 tum
408 577 566 640 servanda
600 594 669 639 esse
701 580 779 659 puto
803 578 943 658 quaein
966 578 1075 642 codice
1098 585 1175 643 sunt

108 688 254 770 ‘signum
278 687 418 750 candens
441 687 476 748 in
499 685 633 769 pecore’,
657 704 732 766 non,
756 685 842 766 quod
858 663 1047 769 Spengelius
1064 689 1173 770 voluit,

108 815 129 859 e
153 793 285 879 vulgata
308 796 445 859 lectione
469 794 676 859 scribendum
700 813 770 857 esse
792 785 844 857 ‘Iu
866 794 1015 859 Hectore’
1046 801 1173 860 etcum

8 939 9 948 .
108 905 325 988 sequentibus
349 904 618 987 coniungendam.
664 902 755 965 Haec
779 905 862 966 enim
885 925 968 987 quae
984 912 1174 988 sequuntur,

106 1034 179 1078 non
201 1013 327 1076 fabulae
352 1033 421 1077 esse
445 1013 612 1076 cuiusdam
630 1012 669 1076 de
684 1011 822 1095 Hectore
837 1015 982 1097 scriptae,
1006 1015 1062 1078 sed
1079 1016 1175 1079 ducta

108 1144 153 1187 ex
179 1125 309 1186 Attiano
331 1125 387 1186 illa
411 1123 450 1186 de
473 1122 636 1203 Eurysace
660 1123 751 1205 facta,
788 1121 914 1185 Nonius
938 1143 962 1186 s.
989 1144 1016 1185 v.
1038 1116 1175 1188 ‘anfrac-

107 1233 192 1296 tum'
228 1233 420 1313 memorat.²)
453 1233 523 1296 Iam
556 1251 632 1296 vero
668 1232 843 1296 Muellerus
879 1233 963 1316 quod
1003 1234 1176 1302 arbitratur

108 1344 211 1406 verba
236 1363 319 1427 quae
343 1348 419 1406 sunt
443 1342 584 1425 tsignum
610 1343 752 1405 candens
774 1344 808 1403 in
832 1342 956 1424 peoore’
982 1349 1086 1407 sumta
1105 1363 1174 1408 esse

110 1457 255 1535 aposta,
280 1454 336 1535 qui
360 1453 524 1516 caniculae
547 1453 611 1515 vim
648 1453 682 1514 in
714 1470 827 1535 pecore
859 1453 1059 1530 ostendisset,
1081 1454 1175 1518 dubi-

108 1563 190 1652 tatio
225 1563 427 1645 relinquitur.
482 1561 610 1625 Etenim
644 1563 782 1645 primum
817 1562 846 1623 h.
870 1562 889 1623 l.
914 1561 1039 1626 offendo
1070 1566 1105 1626 in
1138 1585 1174 1628 eo

5 1703 6 1712 ¹
110 1673 202 1753 quod
222 1664 374 1735 ‘aliudve’
400 1691 466 1734 non
488 1671 609 1734 adiecto
633 1673 822 1754 pronomine
845 1672 1011 1736 indefinito
1034 1675 1174 1756 positum

111 1786 178 1860 est;
204 1781 318 1844 deinde
341 1801 401 1845 nec
425 1781 546 1864 ‘quare'
571 1781 676 1844 solum
700 1800 760 1842 nec
780 1773 893 1864 ‘quare
917 1782 963 1845 ut'
987 1803 1006 1846 a
1030 1783 1175 1848 Varrone

111 1909 261 1972 unquam
295 1891 329 1952 in
361 1891 440 1954 locis
474 1889 643 1953 laudandis
676 1889 854 1954 admissum
884 1893 959 1955 vidi.
1009 1892 1051 1956 Et
1082 1893 1175 1957 facile

106 1998 190 2060 illud
216 1999 300 2081 quod
325 2001 521 2083 requirimus
546 1999 655 2082 ‘quid’,
680 2019 754 2062 oum
779 2002 941 2064 simillima
964 2019 1029 2064 vox
1054 2002 1174 2084 ‘quare'

108 2113 274 2190 sequatur,
303 2109 474 2172 alibrario
501 2111 602 2172 omitti
627 2110 738 2191 potuit,
770 2115 807 2173 ut
829 2117 938 2174 nostro
960 2111 1032 2172 iure
1056 2111 1175 2174 scriba-

109 2237 185 2280 mus
208 2218 302 2280 liceat
326 2218 460 2300 ‘aliquid
483 2221 518 2281 in
542 2219 633 2282 terris
659 2270 664 2282 .
691 2266 697 2279 .
722 2217 851 2281 aliudve
875 2216 978 2300 quid’;
1006 2220 1081 2282 item
1105 2218 1175 2282 fieri

107 2331 224 2408 potest,
250 2334 285 2390 ut
308 2329 342 2390 in
365 2330 434 2412 ipso
459 2328 618 2391 vocabulo
643 2326 764 2411 ‘quare’
788 2347 966 2410 pronomen
995 2328 1172 2408 delitescat3

108 2441 221 2499 tamen
245 2442 362 2500 certam
388 2438 426 2500 de
449 2438 509 2500 hoc
532 2439 601 2500 loco
625 2438 818 2501 sententiam
850 2457 916 2500 non
950 2457 1022 2501 sum
1047 2458 1176 2504 assecu-

108 2549 172 2607 tus.
232 2545 304 2610 Hoc
350 2566 454 2609 unum
493 2548 604 2624 credo,
646 2565 825 2631 pronomen
861 2546 1064 2612 indefinitum
1103 2552 1175 2613 voci

105 2645 264 2718 ‘aliudve'
297 2658 410 2738 utique
445 2657 650 2721 adiciendum
683 2676 761 2720 esse.
818 2655 901 2718 Nam
936 2659 993 2740 qui
1023 2659 1103 2722 alter
1130 2667 1176 2723 est

109 2763 301 2838 huiusmodi
332 2765 432 2846 locus,
467 2768 486 2828 i.
515 2785 540 2829 e.
579 2767 769 2850 pronomine
802 2765 970 2828 indefinito
1006 2773 1101 2845 caret,
1137 2769 1175 2833 de

109 2893 136 2934 r.
159 2892 183 2934 r.
206 2872 265 2953 ΙΠ,
291 2875 344 2950 10,
366 2877 387 2936 4
420 2875 529 2947 r‘neve
554 2927 560 2940 .
586 2928 591 2940 .
619 2895 655 2939 eo
680 2876 830 2939 accedere
864 2876 990 2958 possint
1019 2878 1176 2941 mustelae

111 2980 235 3044 aliaeve
258 2983 379 3047 bestiae
403 3005 485 3067 quae
509 2986 677 3068 noceant'),
699 2988 727 3050 is
751 3005 825 3048 cum
839 2984 894 3047 illo
911 2986 1090 3068 comparari
1109 3006 1175 3048 non

111 3088 208 3152 debet
231 3097 262 3154 et
286 3095 362 3176 quia
385 3095 625 3160 substantivum
658 3095 837 3179 appositum
872 3098 920 3156 est
953 3099 984 3156 et
1018 3095 1175 3157 sententia

3 3251 4 3270 ,
111 3197 358 3266 determinativa
381 3205 460 3268 haec
483 3206 582 3269 verba
606 3206 759 3288 sequitur.
807 3202 930 3278 Quodsi
957 3208 1081 3265 veteres
1105 3204 1176 3285 qui-

3 3287 4 3322 ³
111 3307 187 3370 dam
208 3304 358 3376 'editores
391 3315 536 3379 scribunt
568 3314 700 3378 ‘aliaeve
724 3331 806 3395 quae
830 3309 960 3374 bestiae’
994 3312 1080 3375 haud
1111 3313 1176 3376 scio

111 3436 154 3479 an
187 3420 344 3484 recordati
377 3423 523 3487 locorum
556 3425 612 3506 qui
636 3428 713 3486 sunt
736 3420 794 3502 III,
820 3421 849 3501 5,
883 3421 916 3498 33
944 3419 1052 3501 11,3;
1080 3421 1176 3504 12,3

110 3666 197 3721 verba
213 3661 300 3737 ‘quasi
323 3669 468 3738 indagator’
492 3671 646 3726 adnomen
669 3666 849 3737 vestigiatoris
873 3667 943 3720 nihil
961 3668 1121 3737 pertineant.
1140 3697 1176 3706 -

111 3757 189 3811 Libri
214 3761 285 3813 der.
304 3778 325 3819 r,
345 3760 414 3815 hane
438 3762 598 3831 particulam
624 3761 749 3832 praebent
771 3759 815 3814 his
837 3760 917 3813 locis:
945 3759 967 3827 I,
987 3759 1011 3827 2,
1032 3759 1065 3812 28
1080 3758 1177 3828 (quasi

110 3855 200 3917 vero);
220 3853 266 3905 cir.
286 3852 334 3920 1ΙΙ,
354 3853 379 3920 7,
399 3854 440 3906 11.
459 3885 495 3894 -
521 3854 543 3922 Ι,
560 3853 603 3921 48,
622 3854 652 3920 3;
669 3853 713 3922 49,
733 3852 757 3904 2.
794 3852 842 3919 IH,
864 3853 890 3916 5,
913 3855 957 3904 ll:
987 3852 1034 3921 qui
1052 3854 1106 3904 tres
1124 3850 1176 3905 looi

110 3944 236 3996 naturam
255 3943 402 4013 particulae
421 3947 565 3999 ostendunt
584 3945 704 4011 eandem,
724 3960 805 4012 quam
823 3943 852 3996 in
869 3942 947 3996 libris
966 3943 998 3995 de
1016 3941 1034 3995 l.
1046 3942 1063 3995 l.
1086 3942 1176 3996 obser-

109 4032 245 4088 vavimus.
264 4034 312 4088 cir.
330 4035 371 4089 De
384 4052 462 4089 serm.
480 4036 525 4090 lat.
543 4053 569 4104 p.
583 4037 642 4104 195,
662 4036 710 4102 623
729 4036 806 4105 frgm.
827 4037 878 4090 112
897 4051 939 4094 ao.
959 4033 1050 4087 Wilm.
1071 4034 1177 4105 paee).

108 4123 242 4192 Logistor.
261 4127 310 4195 irg.
331 4146 354 4196 p.
368 4127 428 4195 257,
450 4129 471 4180 1.
490 4145 514 4196 p.
526 4127 586 4194 248,
606 4127 629 4180 9.
667 4125 720 4180 Sat.
739 4126 810 4184 Men.
831 4145 855 4196 p.
876 4127 936 4194 173,
950 4126 1016 4181 -128,

221 4218 248 4285 1)
268 4218 315 4271 cir.
333 4219 459 4274 Ribbeck.
478 4218 553 4287 neg.
572 4218 648 4276 Rom.
668 4219 716 4286 frg.
737 4217 790 4286 (ed.
809 4218 853 4288 II.)
874 4237 898 4289 p.
923 4218 981 4272 179.
