2908 4846
620 377 680 455 115

116 575 275 639 matribus
299 594 340 639 ne
364 575 502 640 cubent’.
550 575 620 660 Ego
637 595 714 639 vero
729 576 818 641 huno
841 578 949 641 locum
973 577 1065 639 aliter
1087 577 1182 640 intel·

15 707 16 722 ¹
116 685 188 768 lego
223 689 320 767 atque
355 686 501 768 editores,
535 705 609 749 oum
641 691 673 748 et
694 706 751 768 pro
772 680 837 749 ‘ne'
861 692 1009 769 expectes
1029 679 1081 749 ‘ut
1104 685 1180 748 non’

117 800 150 858 et
170 796 206 856 in
230 795 270 857 iis
294 813 377 876 quae
409 800 600 877 sequuntur,
630 802 798 877 praecepta
832 801 938 858 cetera
966 796 1067 858 insint
1102 813 1181 877 quc·

114 904 210 967 modo
234 905 269 966 in
293 904 453 968 alimoniis
477 905 700 967 armenticium
734 923 834 987 pocus
866 905 998 968 tractari
1027 909 1180 987 oporteat.

116 1012 207 1088 Quae
231 1015 340 1076 omnia
359 1005 430 1076 ‘sic'
454 1015 613 1096 particula
636 1014 777 1076 indicata
800 1032 870 1078 esse
893 1019 981 1096 puto,
1016 1033 1114 1095 quam
1139 1011 1178 1076 ob

113 1142 184 1186 rem
207 1123 393 1205 interpungi
417 1122 515 1185 velim
538 1124 598 1186 sio:

224 1231 274 1294 ‘In
298 1232 459 1294 alimoniis
483 1280 489 1293 .
513 1281 520 1294 .
544 1283 550 1295 .
574 1252 672 1316 pecus
695 1234 741 1296 sic
755 1231 975 1295 contuendum
989 1253 994 1293 :
1008 1230 1178 1298 Laetantes

114 1359 157 1403 ne
180 1340 301 1404 cubent
325 1389 331 1401 .
357 1391 362 1402 .
388 1389 394 1401 .
418 1340 495 1403 eto.’.

224 1448 266 1531 ΙΙ,
291 1451 319 1530 5,
346 1451 385 1512 18
407 1443 584 1514 ‘Numerus
609 1451 648 1513 de
671 1453 772 1513 tauris
794 1456 825 1513 θῖ
843 1452 950 1532 νεθθὶε
965 1447 1036 1516 sicli
1060 1423 1179 1512 haben-

115 1559 188 1640 duS‚
212 1565 250 1622 ut
271 1562 307 1622 iu
324 1561 500 1642 sexaginta
523 1580 610 1623 unus
634 1561 675 1622 sit
698 1560 879 1640 anniculus,
903 1560 983 1624 alter
1005 1559 1132 1623 bimus'.

222 1665 247 1743 I,
272 1669 368 1749 40,4
398 1669 559 1734 Victorius
594 1669 725 1731 tradidit
759 1669 850 1732 haec:
884 1661 1038 1731 ‘Tertium
1073 1689 1178 1754 genus

115 1778 257 1856 seminis,
282 1779 368 1859 quod
393 1797 434 1840 ex
458 1778 570 1841 arbore
593 1798 650 1861 per
673 1777 820 1841 surculos
844 1778 986 1840 defertur
1008 1779 1177 1842 interram

115 1887 144 1947 si
167 1887 202 1948 in
225 1887 362 1951 humum
386 1889 566 1951 demittitur
595 1889 629 1949 in
662 1887 857 1969 quibusdam
892 1907 966 1950 cum
996 1893 1044 1951 θεῖ
1066 1889 1177 1952 viden·

114 1993 193 2058 dum
218 2043 224 2057 .
249 1995 266 2057 .’
292 2017 389 2079 quam
412 1997 633 2079 perturbatam
657 2016 727 2060 esse
743 1997 913 2060 lectionem
930 2002 961 2060 et
977 1997 1176 2062 maculosam

114 2109 253 2187 apparet.
299 2105 367 2168 Iam
392 2125 467 2169 vero
483 2104 644 2170 Gesnerus
669 2105 754 2188 quod
779 2104 890 2168 scribit
910 2097 970 2168 ‘sio
990 2107 1024 2168 in
1041 2106 1175 2169 humum

115 2211 304 2296 demittitur,
339 2220 375 2278 ut
408 2217 443 2277 in
479 2215 675 2300 quibusdam
699 2219 806 2277 tamen
831 2217 872 2278 sit
895 2215 1071 2278 videndum
1095 2265 1101 2276 .
1127 2264 1133 2276 .
1157 2216 1175 2277 .’

114 2340 204 2384 error
238 2343 344 2388 errore
378 2332 426 2388 est
461 2326 653 2408 cumulatus.
711 2323 779 2406 Ego
820 2343 895 2386 cum
929 2323 1089 2407 Scaligero
1129 2326 1175 2388 sio

114 2431 233 2493 scribo:
256 2425 410 2499 ‘Tertium
432 2455 537 2519 genus
562 2435 702 2514 seminis,
727 2434 813 2516 quod
837 2451 878 2496 ex
903 2432 1015 2496 arbore
1031 2453 1088 2516 per
1107 2454 1176 2498 sur-

114 2540 203 2604 culos
228 2542 388 2607 deseritur
414 2547 449 2608 in
477 2552 603 2609 terram.
649 2543 846 2623 Videndum,
880 2547 947 2605 ut.
972 2539 1019 2625 32)
1066 2541 1177 2606 Restat

114 2656 151 2712 ut
185 2671 289 2714 unum
324 2654 510 2716 huiusmodi
543 2655 650 2716 locum
686 2671 932 2716 commemorem
960 2651 986 2733 Ι,
1011 2652 1061 2732 64,
1087 2653 1102 2712 l
1130 2644 1177 2714 ‘id

114 2760 247 2842 quidam
271 2763 318 2824 sio
343 2761 447 2825 solent
470 2764 618 2842 tueri-,
642 2766 680 2824 ut
703 2763 850 2824 traiciant
868 2763 903 2823 in
931 2762 994 2824 alia
1013 2782 1106 2825 vasa.
1121 2811 1127 2824 .
1141 2761 1174 2839 ,³3

115 2888 179 2950 quo
201 2869 272 2932 loco
296 2870 335 2933 de
356 2864 426 2934 ‘sio’
450 2872 606 2953 particula
628 2871 710 2933 nihii
734 2877 782 2934 est
815 2890 962 2954 unquam
995 2870 1173 2935 dubitatum

113 2997 173 3040 nec
197 2979 422 3050 dubitandum.
469 2979 581 3062 ltaque
617 2982 644 3044 si
680 2982 856 3044 omittimus
890 2981 976 3043 iocos
1012 2981 1069 3063 qui
1100 2987 1178 3043 sunt

113 3086 138 3168 Ι,
162 3085 214 3170 40,
238 3091 271 3167 4,
296 3089 339 3170 Π,
364 3091 392 3169 5,
418 3089 467 3169 16,
491 3090 523 3151 in
548 3089 638 3152 libris
662 3089 701 3152 de
724 3109 749 3153 r.
776 3112 799 3153 r.
820 3083 897 3156 ‘Sic'
921 3089 1078 3173 particula
1111 3095 1176 3152 tres

113 3196 301 3262 huiusmodi
324 3198 411 3263 locos
435 3199 636 3282 occupatio
660 3197 751 3260 libris
776 3200 814 3264 de
837 3201 857 3264 l.
883 3200 902 3262 l.
927 3195 1069 3278 unum3)

218 3306 310 3371 Haec
335 3308 373 3371 de
396 3309 626 3390 particularum
652 3327 734 3397 quae
759 3315 835 3371 sunt
855 3301 923 3371 ‘ita’
948 3313 979 3371 et
992 3300 1062 3384 ‘sic’
1088 3308 1177 3371 diffe-

219 3576 235 3628 l
267 3571 319 3624 ‘sit’
339 3571 396 3628 Pol.

219 3572 248 3729 2}
265 3662 323 3716 Hoc
342 3664 519 3718 etiamsinon
538 3666 609 3716 recte
629 3678 657 3716 εθ
676 3663 781 3730 habeat,
810 3665 882 3716 certe
907 3666 963 3716 tam
982 3663 1048 3716 bene
1067 3663 1175 3732 excogi-

111 3755 198 3806 tatum
216 3756 257 3807 θεῖ
275 3754 395 3823 mihique
414 3754 502 3822 placet
520 3755 594 3810 adeo,
623 3755 653 3806 ut
681 3771 742 3806 cum
760 3749 862 3824 ‘aquila
886 3754 915 3806 in
934 3755 1059 3808 nubibus’
1087 3771 1176 3809 errare

10 3875 11 3882 κ
110 3861 193 3913 qnam
212 3845 292 3899 aliam
311 3845 424 3899 sanandi
449 3844 521 3898 viam
540 3847 608 3899 inire
633 3846 735 3905 malimr
770 3839 849 3901 ‘Sunt
871 3849 961 3898 autem
987 3863 1019 3900 ea
1041 3863 1109 3915 quae
1132 3847 1176 3898 hic

110 3938 233 4005 apposita
251 3939 334 4003 eraut,
353 3936 391 3988 ita
409 3936 500 4002 inepta
518 3940 549 3990 ut
566 3938 631 3991 alias
651 3937 727 3992 nobis
747 3936 927 4012 convincenda
950 3953 1008 3992 esse
1028 3955 1080 3992 non
1100 3940 1176 4006 puic-

10 4039 11 4042 ’
109 4029 180 4081 mus'
200 4028 360 4098 (Scaliger).

219 4120 245 4186 3)
265 4119 424 4188 Fragmenta
450 4123 555 4190 praeter
582 4120 651 4175 iliud
679 4122 751 4189 quod
776 4121 896 4174 diximus
919 4121 1073 4208 exemplum
1091 4139 1106 4174 θ
1124 4115 1181 4179 ror.¹

109 4212 166 4265 div.
184 4209 261 4264 libris
281 4210 437 4265 huiusmodi
455 4228 508 4264 non
527 4212 633 4267 habent.

965 4316 998 4373 8*
