2888 4854
617 405 659 470 55

211 594 273 660 Sed
298 597 336 660 de
361 615 398 659 eo
421 595 503 677 loce,
527 596 624 684 unde¹
637 597 769 683 profecti
795 619 908 663 sumus
923 600 971 663 de
994 600 1014 662 l.
1038 599 1173 682 LVIII,

94 706 116 786 ξ
140 706 196 788 46,
220 727 249 789 p.
266 707 341 788 425,
365 707 450 789 quod
475 707 658 789 suspicatus
682 711 730 770 est
745 705 933 791 Muellerus
956 711 1077 773 rectius
1101 729 1172 774 esse

98 798 186 897 puto
210 816 358 880 codicum
382 816 540 898 scriptura
565 815 689 898 ‘quod'3
723 822 808 880 certe
831 819 917 902 apud
941 823 1090 882 nostrum
1113 819 1174 883 hu-

97 926 250 989 iusmodi
274 925 422 988 dictionis
446 925 633 1008 exemplum
655 927 767 989 inveni
790 927 928 990 nullum.

216 1034 290 1098 Uno
313 1036 347 1097 in
371 1032 461 1098 libris
486 1033 525 1097 de
548 1034 567 1096 l.
584 1035 604 1097 l.
627 1035 698 1098 loco
720 1035 857 1099 formam
883 1054 964 1119 quae
980 1039 1030 1099 est
1046 1033 1174 1118 ‘quaad'

96 1142 338 1208 Lachmannus
369 1143 496 1226 egregia
531 1145 715 1208 coniectura
746 1144 927 1229 reposuit.1)
983 1144 1066 1209 Nam
1101 1143 1174 1226 VII,

99 1253 120 1334 ξ
143 1254 172 1334 7,
196 1273 227 1336 p.
245 1255 309 1316 288
335 1273 409 1316 cum
432 1254 467 1316 in
500 1253 664 1318 codicibus
686 1255 838 1338 legantur
860 1255 958 1320 verba
982 1255 1058 1338 ‘qua
1080 1255 1174 1318 attui-

96 1361 201 1441 mnr’,
236 1381 320 1445 quae
343 1362 454 1425 eadem
488 1364 521 1426 in
548 1362 743 1427 editionibus
766 1364 962 1446 scribuntur,
997 1370 1034 1427 ut
1068 1369 1172 1426 totum

100 1471 196 1534 hunc
218 1471 326 1534 locum
351 1491 367 1535 a
392 1474 551 1536 sententia
582 1473 671 1536 illius
695 1474 757 1536 viri
782 1473 967 1555 describam,
1000 1473 1174 1556 legendum

99 1582 285 1664 proposuit:
312 1578 486 1664 ‘nunquan
510 1583 620 1648 intuiti
639 1579 755 1664 erant3)
779 1584 875 1665 oculi,
898 1603 916 1646 a
935 1583 1055 1647 tuendo
1070 1585 1173 1666 primo

102 1691 264 1774 templum
300 1691 435 1772 dictum;
475 1694 624 1775 quocirca
658 1688 809 1774 caelum4)
848 1713 914 1775 qua
947 1686 1007 1762 at5)
1044 1693 1175 1774 tuimur,

103 1798 233 1862 dictum
264 1802 440 1884 templum’.
496 1802 615 1866 Tamen
648 1803 767 1865 mirum
798 1821 876 1866 sane
906 1801 994 1885 quod
1025 1802 1085 1865 hoc
1109 1820 1175 1864 uno

102 1908 180 1972 loco
214 1909 303 1973 illam
338 1910 474 1975 formam
509 1923 618 1998 (quaa,
640 1913 826 1995 saepissime
858 1913 893 1974 in
925 1911 1016 1976 libris
1040 1911 1079 1974 de
1101 1931 1125 1975 r.
1150 1932 1175 1973 r.

105 2019 263 2095 occurrit)
289 2019 526 2103 comprobatam
549 2020 719 2100 habemus;
750 2022 860 2104 itaque
884 2023 1012 2085 cautius
1036 2020 1176 2105 Spenge-

101 2121 201 2194 lius⁶)
237 2127 409 2212 legendum
444 2131 604 2213 proponit:
647 2129 724 2213 ‘qua
761 2127 937 2208 tuimur’;⁷)
979 2149 1176 2212 quamquam

104 2257 226 2302 rursus
249 2237 448 2303 Lachmanni
472 2241 655 2303 coniectura
687 2259 724 2303 ca
750 2258 786 2304 re
809 2239 1055 2304 commendatur
1089 2237 1176 2320 quod

105 2367 212 2413 seusu
235 2349 355 2432 aptiore
380 2365 449 2411 esse
472 2349 611 2413 videtur.

219 2457 258 2520 In
281 2456 371 2521 libris
395 2456 433 2534 de
457 2477 480 2519 r.
503 2477 529 2522 r.
554 2459 637 2521 hanc
659 2460 836 2542 particulae
859 2457 996 2522 formam
1011 2455 1078 2519 fere
1095 2472 1177 2519 sem-

105 2586 169 2652 per
192 2567 340 2647 inveniri,
363 2571 534 2649 postquam
556 2570 622 2631 iam
644 2568 809 2632 Victorius
838 2570 1018 2631 commento
1042 2564 1083 2627 ad
1106 2563 1177 2627 libr.

105 2678 134 2759 l,
164 2677 229 2758 1,2
253 2675 336 2738 facto
359 2675 393 2738 id
416 2679 551 2759 monuit,
573 2675 671 2741 Keilii
695 2677 918 2741 observatione
942 2676 981 2738 de
1004 2692 1042 2737 ea
1064 2693 1099 2738 re
1122 2693 1178 2736 cu·

104 2789 198 2850 riose
232 2785 313 2848 facta
341 2786 373 2858 (l.
395 2805 420 2849 c.
441 2807 469 2870 p.
492 2788 534 2850 39
556 2785 616 2869 sq.)
656 2805 744 2849 nunc
782 2787 866 2849 inter
898 2801 1010 2848 omnes
1045 2787 1178 2846 constat.

105 2899 228 2979 Itaque
253 2897 280 2958 si
302 2894 394 2958 verbi
417 2895 602 2979 temporalis
624 2895 756 2958 niodum
781 2896 982 2980 respicimus,

208 3004 251 3079 Ἰ)
275 3024 350 3067 cum
381 3007 541 3088 praesenti
579 3006 745 3069 indicativi
781 3004 938 3088 particula
972 3001 1180 3082 coniungitur

106 3115 192 3181 locis
216 3115 279 3177 his:

108 3413 242 3468 sabulosa
259 3415 338 3480 terra,
358 3413 429 3480 quod
447 3413 485 3467 ibi
505 3413 594 3478 refert,
613 3411 706 3466 sabulo
719 3411 798 3466 albus
816 3411 898 3466 sitan
910 3410 1090 3465 rubicundus:
1110 3409 1178 3476 quod

109 3505 245 3561 subalbus
264 3505 297 3557 ad
317 3503 443 3557 serendos
462 3503 584 3558 surculos
603 3503 715 3572 alienus,
734 3505 827 3558 contra
838 3502 1013 3556 rubicundior
1025 3499 1180 3569 appositus’.

222 3596 249 3664 1)
267 3595 414 3649 Commant.
434 3594 532 3648 Lucret
549 3612 575 3663 p.
594 3596 655 3654 331.

224 3687 250 3756 2)
269 3686 314 3740 Sic
332 3686 413 3740 habat
437 3686 606 3756 Augustinus
633 3688 663 3740 in
687 3703 780 3756 marg„
805 3701 839 3738 ex
862 3684 930 3740 coni.
954 3688 987 3739 ut
1009 3685 1125 3740 videtur.
1145 3697 1179 3722 -·

109 3797 167 3851 qua
186 3779 256 3850 quia’
277 3779 335 3833 cod.
359 3777 388 3832 F.

133 3878 136 3886 ’
223 3871 251 3940 3)
267 3868 384 3924 ‘initium
404 3867 468 3922 erat*
488 3869 545 3924 cod.
564 3869 594 3924 F.

223 3961 251 4030 4)
269 3955 382 4015 ‘caelum
401 3959 461 4030 qua’
481 3961 538 4014 cod.
557 3961 586 4020 F.
606 3962 653 4018 clr.
673 3960 765 4016 (iroth.
784 3977 810 4028 p.
823 3962 867 4030 36,
886 3977 913 4018 n.
933 3961 994 4016 201.

224 4051 252 4120 5)
270 4046 373 4120 ‘quaed’
392 4052 487 4121 probat
504 4051 596 4109 droth.
615 4051 634 4109 l.
654 4067 677 4107 c.

225 4143 252 4212 6)
270 4143 366 4200 Philol¹
385 4143 438 4200 vol.
457 4143 546 4213 XVII,
564 4161 591 4212 p.
611 4145 670 4199 300.

172 4291 175 4298 ,
225 4235 252 4304 7)
269 4233 328 4290 Hoc
346 4235 417 4290 idem
438 4236 552 4290 coniecit
570 4233 712 4290 liodricus
729 4234 760 4288 in
777 4233 880 4288 advers.
899 4233 957 4290 crit.
976 4234 1012 4302 11,
1030 4250 1058 4303 p.
1077 4235 1136 4288 173.
