2908 4846
598 392 656 456 121

98 581 170 640 ante
193 577 285 640 haec:
308 571 434 642 ‘Dicam
466 580 501 640 in
528 579 588 641 hoe
610 579 692 641 libro
717 579 756 642 de
779 576 885 642 verbis
910 596 993 660 quae
1017 597 1035 639 a
1057 579 1159 660 poetis

99 691 175 750 sunt
205 687 322 769 posita:
363 689 505 771 primum
542 686 580 750 de
617 687 706 768 loeis,
749 687 824 750 dein
856 684 968 770 quael)
1007 688 1043 751 11
1081 688 1159 751 10011

100 801 184 870 sunt,
210 797 302 858 tertio
336 797 375 859 de
407 795 615 879 temporibus,
646 802 714 859 tum
748 816 831 880 quae
864 816 938 860 oum
961 795 1160 879 temporibus

101 910 178 967 11111
201 906 372 968 coniuncta
397 908 460 969 ...’
485 925 582 989 quem
607 907 759 968 orationis
783 912 971 970 0011011111
990 907 1046 968 1110
1062 905 1161 968 verbo

98 1015 290 1097 interrumpi
313 1034 349 1078 ao
372 1033 504 1098 prorsus
527 1014 649 1077 turbari
671 1016 705 1077 in
729 1020 837 1098 aperto
861 1021 917 1079 est.

208 1123 270 1200 Qui
292 1124 381 1188 locus
406 1130 455 1188 est
478 1125 558 1188 del.
582 1124 600 1187 l.
627 1123 689 1205 IX,
712 1125 730 1207 ξ
755 1127 807 1202 40,
831 1146 860 1208 p.
885 1127 959 1206 484,
982 1124 1027 1187 ibi
1046 1124 1164 1186 tradita

101 1240 176 1298 sunt
198 1235 292 1297 haee:
326 1226 578 1316 ε11101111ςο11,
609 1253 650 1297 ex
685 1255 749 1318 qua
781 1240 871 1318 parte
895 1239 1036 1320 oporteat
1059 1233 1163 1298 simile

102 1363 173 1406 esse
196 1343 330 1407 verbnm
354 1363 373 1404 a
397 1362 473 1406 vooe
497 1362 537 1405 an
562 1364 580 1406 a
603 1345 844 1427 significatione,
878 1345 1109 1429 respondemus
1145 1363 1164 1404 a

103 1471 195 1530 100ος
233 1452 288 1515 sed
312 1457 421 1515 tamen
444 1471 681 1535 nonnunquam
717 1457 904 1536 quaerimus
928 1472 1047 1539 genere
1076 1453 1163 1515 simi-

8 1627 9 1632 ,
102 1563 187 1624 liene
211 1563 275 1624 sint
299 1581 382 1644 quae
406 1562 638 1645 significantur,
662 1582 698 1626 ao
722 1584 838 1628 nomen
865 1566 956 1628 virile
980 1583 1055 1626 eum
1079 1562 1164 1624 virili

104 1671 308 1752 conferimus
330 1670 466 1735 feminae
490 1692 564 1734 eum
587 1672 746 1750 muliebri,
770 1693 836 1737 non
861 1673 994 1756 quodid
1021 1673 1107 1754 quod
1122 1673 1164 1734 si-

8 1855 9 1860 ¹
103 1766 259 1862 gnifioant
288 1799 392 1860 voees,
427 1789 634 1864 commoveat,
669 1784 725 1847 sed
760 1783 847 1866 quod
870 1801 1107 1865 nonnunquam
1129 1781 1164 1843 in

8 1907 9 1942 1
105 1908 140 1951 10
160 1889 324 1952 dissimilis
347 1889 470 1970 figurae
493 1890 611 1954 formas
635 1893 844 1957 indissimiles
866 1895 1039 1977 imponunt
1062 1892 1166 1974 dispa-

8 2005 9 2018 ’
105 1998 181 2062 11101
216 2003 254 2062 11
289 1998 387 2062 ealoei
420 1999 588 2064 muliebris
612 2003 676 2065 sint
699 2023 740 2065 an
764 2003 874 2066 viriles
898 2003 1036 2066 dicimus
1061 2001 1101 2063 ad
1125 2002 1167 2064 si-

105 2108 321 2170 militudinem
344 2108 475 2191 figurae,
510 2129 584 2174 oum
619 2115 727 2174 tamen
760 2113 901 2175 sciamus
929 2129 1166 2192 nonnunquam

105 2223 138 2280 et
160 2218 327 2280 mulierem
360 2219 476 2282 habere
511 2220 633 2283 calceos
664 2221 773 2285 viriles
797 2226 829 2284 et
851 2223 956 2284 virum
980 2216 1166 2282 muliebris’.

213 2325 286 2388 Non
310 2331 413 2390 totum
438 2347 471 2392 se
494 2334 579 2394 10010
602 2331 718 2395 habere
750 2331 838 2393 11110
867 2331 974 2394 loenm
1010 2346 1068 2412 ego
1093 2347 1167 2390 oum

105 2436 219 2498 multis
242 2436 414 2500 editoribus
438 2437 589 2518 arbitrem
614 2440 668 2504 sed
687 2459 768 2524 quae
783 2440 939 2503 mendosa
961 2442 1116 2523 putarunt
1139 2440 1170 2500 et

106 2545 302 2608 coniecturis
325 2556 537 2630 vexaverunt,
559 2569 624 2612 non
648 2555 732 2614 reete
755 2555 894 2613 tentasse
911 2549 989 2611 mihi
1007 2547 1166 2609 videntur.

107 2653 162 2717 Sic
185 2653 374 2736 Spengelius
398 2657 483 2738 qued
515 2659 736 2723 inducendum
759 2662 852 2741 putat
873 2657 1008 2720 verbum
1029 2650 1171 2719 ‘indissi-

106 2765 220 2846 miles’,
244 2767 289 2829 110
302 2763 478 2830 Muellerus
502 2768 588 2850 quod
605 2769 715 2832 scribit
734 2761 806 2832 ‘sed
829 2768 916 2850 quod
932 2785 1168 2849 nonnunquam

105 2877 143 2936 in
166 2893 201 2938 re
225 2876 373 2938 dissimili
397 2877 509 2940 similis
531 2875 654 2960 figurae
676 2877 805 2956 formas,
829 2879 864 2940 in
886 2896 921 2940 10
945 2877 1044 2940 simili
1067 2877 1174 2958 imp0-·

108 2993 194 3046 nunt
217 2984 403 3066 dispariles'.

216 3092 284 3176 Ego
308 3113 384 3158 vero
406 3097 549 3178 primum
574 3096 698 3160 offendo
721 3100 757 3159 in
780 3096 938 3179 singulari
961 3114 1097 3158 numero
1115 3096 1172 3176 qui

109 3206 162 3266 est
181 3195 229 3265 tin
252 3202 306 3285 re’,
338 3205 425 3286 qnod
447 3205 583 3268 verbum
605 3206 639 3267 in
662 3205 777 3288 plurali
800 3205 986 3288 ponendum
1012 3221 1082 3268 esse
1107 3223 1173 3266 ma-

109 3312 198 3375 xime
221 3319 350 3396 propter
372 3315 470 3379 verba
494 3335 577 3399 quae
601 3320 785 3399 sequuntur
804 3307 937 3378 ‘formas
955 3311 1174 3378 indissimiles’

57 3461 61 3467 -
110 3422 191 3484 mihi
218 3424 371 3505 persuasi.
417 3421 502 3507 Lego
536 3426 635 3508 igitur
665 3417 712 3488 tin
744 3423 860 3488 rebns’.
921 3422 1031 3486 Oetera
1066 3427 1172 3486 autem

112 3532 273 3614 quomodo
290 3531 459 3595 scribenda
478 3534 551 3615 sint,
573 3536 755 3598 accuratius
771 3535 1013 3616 investigemus.
1058 3531 1174 3614 Itaque

112 3644 180 3702 tota
217 3641 414 3724 paragrapho
456 3644 704 3708 undetricesima
742 3645 802 3708 hoe
841 3663 944 3706 unum
978 3642 1172 3705 illustratur:

107 3741 212 3813 ‘Cave
235 3751 417 3834 concludas,
450 3755 477 3816 11
510 3772 593 3836 quaa
627 3753 725 3818 verba
759 3758 818 3818 aut
847 3771 898 3817 res
930 3752 1035 3836 figura
1058 3749 1176 3814 similia

112 3858 187 3936 sint,
212 3877 249 3920 ea
273 3862 403 3925 omnino
428 3881 498 3926 esse
516 3863 653 3928 similia’.
700 3862 882 3927 Similitudo
899 3863 984 3925 enim
1003 3859 1173 3924 verborum

221 4133 248 4199 1)
267 4132 321 4189 Cfr.
340 4135 431 4190 Groth.
451 4153 475 4206 p.
495 4137 537 4190 35.
556 4155 581 4190 n.
604 4137 661 4193 198.
681 4136 808 4208 (Spengel
834 4135 863 4188 in
882 4136 986 4190 emend.
1005 4135 1083 4188 Varr.
1102 4149 1176 4202 spec.

112 4241 140 4292 r·
161 4223 215 4290 10.)
