2888 4854
594 335 636 402 25

193 523 224 600 d)
248 522 299 584 Ab
324 522 476 586 omnibus
493 523 542 586 his
559 523 715 606 exemplis
730 524 825 606 longe
842 522 946 586 differt
963 521 1043 584 illud
1062 521 1147 605 quod

83 638 133 696 est
120 631 215 711 t‚IX
241 631 379 715 §nep
404 632 485 696 473:
512 631 576 696 ‘An
599 631 681 695 banc
704 633 883 712 analogiam
908 631 948 694 ad
973 631 1059 695 diem
1081 651 1147 696 ser-

85 747 169 824 vant,
148 741 244 805 tad
277 759 422 805 mensem
458 761 524 804 non
546 742 624 806 item
648 742 726 806 alios
750 745 865 822 motus,
900 742 946 804 sic
968 742 1048 804 item
1071 761 1146 806 cum

80 850 222 915 habeant
244 851 324 916 alios
345 852 431 914 inter
453 870 487 916 se
510 853 738 916 convenientes
754 849 825 913 -?'
1101 927 1123 940 ..

189 959 310 1024 Locum
335 961 407 1025 dedi
431 981 448 1025 e
472 961 619 1025 codicum
638 961 805 1044 scriptura,
831 978 873 1022 ex
888 960 1146 1044 interpunctione

81 1069 259 1154 Spengelii3
284 1071 340 1154 qui
364 1089 460 1154 quem
485 1090 619 1136 sensum
641 1071 717 1134 huic
741 1069 918 1133 sententiae
933 1071 1040 1134 inesse
1056 1071 1145 1134 volu-

81 1181 150 1260 erit,
173 1198 231 1262 ego
256 1198 322 1242 non
345 1179 447 1244 video.
492 1179 755 1263 interpunctione
788 1185 894 1244 autem
919 1185 1043 1244 mutata
1065 1180 1146 1244 leni·

82 1307 146 1370 que
169 1289 331 1353 medicina
365 1288 508 1352 adhibita
530 1291 638 1354 locum
673 1288 770 1353 scribi
792 1307 886 1372 posse
910 1290 1060 1353 existimo
1084 1291 1143 1353 sio:

295 1399 373 1462 alios
396 1404 502 1463 motus
527 1401 573 1464 sic
596 1402 672 1463 item
696 1418 771 1462 cum
787 1397 927 1462 habeant
949 1401 1003 1468 (so.
1024 1379 1143 1469 aestus)

242 1508 313 1572 aliis
336 1510 421 1572 inter
444 1529 478 1573 se
501 1510 738 1573 convenientes.

188 1616 422 1700 Comparantur
443 1619 543 1702 igitur
567 1624 603 1682 ut
626 1618 756 1702 singula
772 1619 954 1682 accuratius
971 1637 1144 1701 exponam,

80 1733 190 1792 aestus
224 1728 281 1810 qui
311 1745 369 1810 per
396 1727 479 1790 diem
505 1728 626 1810 quique
649 1747 706 1811 per
728 1728 849 1791 mensis
880 1728 1144 1810 uniuscuiusque

80 1844 208 1920 tempus
233 1835 395 1919 quoddam
417 1835 511 1919 fiunt,
533 1837 585 1916 ita,
612 1842 646 1900 ut
668 1838 719 1901 hic
741 1837 807 1900 illic
826 1843 933 1902 motus
954 1855 1067 1900 eorum
1088 1835 1145 1900 alii

81 1948 153 2012 aliis
176 1948 317 2010 interae
341 1946 523 2027 convenire,
549 1948 569 2010 i.
597 1966 623 2011 e.
648 1952 685 2010 ut
709 1947 749 2010 ad
773 1946 867 2024 diem,
904 1945 961 2010 ‘sio
983 1945 1070 2009 item’
1104 1946 1145 2010 ad

80 2074 225 2120 mensem
250 2055 414 2137 analogiae
436 2055 542 2138 legem
565 2076 692 2120 servare
717 2053 898 2121 dicantur.¹l

189 2165 251 2230 Sed
273 2166 352 2229 haec
375 2165 545 2244 hactenus;
569 2184 658 2228 nunc
677 2165 852 2248 particulae
875 2183 957 2248 quae
981 2171 1029 2228 est
1052 2163 1146 2234 Sicut

81 2272 186 2354 qualis
210 2273 252 2335 sit
274 2293 355 2338 usus
380 2273 601 2338 Varronianus
624 2276 708 2358 agite
735 2275 949 2356 inquiramus.
998 2271 1086 2348 Quae
1109 2275 1145 2336 in

80 2380 172 2444 libris
196 2381 277 2446 del.
302 2384 321 2446 l.
354 2402 448 2467 saepe
482 2384 607 2468 legitur,
634 2383 783 2448 inlibris
812 2383 851 2446 de
874 2404 898 2446 r.
922 2404 945 2446 r.
975 2402 1057 2465 quae
1081 2383 1144 2447 duo

80 2492 228 2574 exempla
251 2492 405 2557 editiones
428 2493 590 2578 praebent,
613 2512 717 2557 unum
733 2495 820 2556 omni
839 2512 971 2576 prorsus
996 2493 1144 2556 codicum

79 2603 268 2665 arictoritate
297 2608 390 2683 caret,
414 2603 549 2666 alterum
573 2604 619 2666 ita
641 2603 887 2686 intelligendum
912 2609 969 2683 est,
992 2608 1028 2666 ut
1051 2622 1145 2665 voca·

82 2793 150 2844 quae
181 2777 315 2846 copiosius
342 2779 369 2830 et
397 2776 492 2830 durius
519 2778 561 2846 (ut
587 2777 612 2830 ei
640 2777 778 2846 proprium
797 2777 847 2846 est)
876 2777 987 2847 exponit
1013 2778 1065 2830 sic:
1097 2773 1144 2832 ‘ot
1223 2837 1232 2856 ⁶

79 2868 202 2922 membra
220 2867 367 2923 Alexandri
385 2869 415 2922 in
433 2872 522 2924 statua
540 2869 611 2922 inter
629 2885 658 2922 se
676 2869 851 2936 conveniunt,
879 2869 903 2922 si
930 2869 1091 2937 imposueris
1113 2869 1144 2924 in

79 2977 112 3014 ea
130 2962 212 3029 caput
229 2959 358 3028 Philippi,
377 2961 416 3014 sic
434 2961 570 3028 proportio
588 2961 681 3015 eadem
700 2962 742 3014 est
759 2961 804 3028 (ε
823 2960 862 3014 sic
881 2961 991 3014 etitem
1009 2961 1057 3015 est'
1083 2962 1100 3016 i.
1120 2979 1143 3016 e.

79 3050 205 3119 andagis
222 3068 253 3105 eo
271 3069 321 3105 nec
339 3051 425 3106 maior
442 3053 473 3106 lit
489 3069 540 3106 nec
558 3052 663 3121 minor),
687 3053 711 3105 si
734 3055 816 3119 caput
838 3053 908 3120 quod
932 3053 1091 3120 respondeat
1109 3053 1144 3106 ad

78 3141 256 3195 Simulacrum
268 3144 449 3196 membrorum
462 3144 614 3201 addideris.
627 3187 633 3198 .
646 3143 661 3200 .’
698 3143 796 3197 Verbis
815 3143 870 3197 fere
888 3143 986 3198 iisdem
1005 3160 1047 3198 me
1060 3159 1140 3198 usum

79 3249 139 3287 esse
158 3235 237 3304 atque
258 3234 420 3288 Muellerum
439 3235 466 3304 (l.
487 3236 521 3305 c.)
541 3253 639 3304 quaeso
658 3236 793 3306 ignoscas!

190 3326 215 3395 1)
234 3325 360 3381 Famula
378 3343 447 3396 quac
466 3331 507 3382 est
524 3321 615 3381 ‘item
633 3328 690 3381 sic'
709 3327 739 3380 in
758 3326 834 3380 libris
854 3327 886 3380 de
904 3326 922 3382 l.
941 3326 958 3386 l,
977 3327 1076 3396 legitur
1095 3327 1142 3394 Vl,
1215 3399 1217 3406 y

79 3416 96 3484 ἓ
115 3418 150 3472 69
168 3435 193 3486 p.
213 3419 273 3473 246:
292 3413 344 3472 ‘Ab
362 3420 456 3472 eadem
475 3419 573 3487 Sponte
592 3461 598 3474 .
619 3459 626 3474 .
645 3435 757 3487 sponsor
775 3423 802 3472 et
820 3433 925 3486 sponsa,
944 3420 1010 3474 itam
1028 3420 1068 3473 sio
1081 3419 1142 3474 alia*

80 3509 125 3574 (cl.
144 3509 267 3580 Spengel,
282 3513 342 3567 Act.
361 3512 435 3566 acad.
451 3510 523 3566 Mon.
542 3511 560 3566 1.
580 3528 602 3566 e.
621 3528 646 3579 p.
660 3511 738 3580 458);
756 3512 785 3564 in
803 3511 880 3564 libris
898 3511 931 3563 de
949 3527 970 3564 r.
990 3527 1012 3565 r.
1030 3510 1052 3577 Ι,
1072 3512 1142 3575 225

80 3595 158 3654 ‘Item
177 3601 216 3656 sic
235 3603 268 3655 de
286 3603 509 3657 ferramentorum
529 3603 655 3658 varietate
674 3602 768 3656 scribit
784 3601 934 3670 permulta'.

188 3692 274 3757 Quam
293 3695 409 3763 denique
428 3691 570 3746 formulam
581 3692 776 3746 Grossmannus
795 3693 824 3761 (l.
844 3710 866 3748 c.
885 3711 911 3761 p.
931 3693 978 3762 16)
996 3709 1011 3746 e
1029 3692 1090 3747 libr.
1109 3695 1142 3747 de

79 3783 203 3852 1.1.1x‚
231 3786 319 3854 §103
348 3786 528 3854 pomonal
550 3779 647 3840 ‘item
664 3785 782 3853 sicut',
811 3801 870 3838 eam
895 3800 942 3852 pro
962 3783 1076 3837 formula
1094 3800 1142 3852 ego

79 3892 134 3929 non
151 3875 250 3942 habeo;
268 3877 411 3945 legendum
430 3877 518 3945 potius
537 3892 633 3932 censeo
651 3878 698 3931 aut
715 3872 790 3931 ‘item
808 3877 855 3945 sie,
873 3877 920 3944 ut’,
939 3875 1144 3944 autquodmibi

80 3971 215 4036 praestare
233 3969 342 4022 videtur
358 3964 440 4037 item,
458 3969 529 4022 sicut
546 3968 610 4037 illic,
629 3971 711 4039 caput
728 3967 941 4024 suumbabcbit‘.
965 3961 1051 4020 ‘Item’
1069 3967 1143 4022 enim

80 4059 212 4127 particula
238 4076 300 4113 cum
327 4061 497 4116 annectendis
515 4061 586 4114 inter
604 4075 633 4113 se
651 4059 797 4113 enuntiatis
816 4059 953 4127 inserviat,
972 4076 1142 4128 nequaquam

81 4166 143 4203 cum
161 4145 247 4204 ‘sicut'
266 4152 300 4205 ad
318 4152 460 4206 formulam
479 4151 627 4206 coalescere
647 4150 733 4204 debet.
