2908 4846
775 442 815 502 70

266 634 363 696 huius
386 632 560 715 particulae
584 632 732 715 exempla
754 632 867 694 inveni
890 630 966 693 haec
991 631 1070 694 duo:
1107 629 1164 712 VI,
1188 631 1206 712 ἓ
1230 632 1272 696 36
1296 655 1327 718 p.

267 741 331 804 216
363 747 402 816 (c.
437 740 632 824 quingentae
664 741 808 822 speciesl3
842 738 915 820 VH,
944 740 962 820 ξ
989 739 1029 801 76
1058 761 1087 823 p.
1108 738 1173 802 356
1206 741 1328 805 (Huius

269 857 359 916 ortus
383 849 542 934 significat
566 850 691 912 circiter
714 868 783 913 esse
808 854 985 912 extremam
1008 856 1152 912 noctem.

373 960 483 1024 Liceat
505 959 584 1021 mihi
606 958 636 1021 h.
662 957 682 1021 l.
709 959 748 1022 de
771 977 806 1021 re
831 958 971 1040 quadarn
987 957 1088 1022 verba
1106 958 1211 1023 facere
1236 979 1330 1042 quae,

268 1073 402 1136 sirecte
427 1072 468 1134 sit
492 1067 722 1148 animadversa,
746 1071 777 1130 et
799 1068 870 1149 ipsa
900 1067 1076 1130 discrimen
1104 1069 1188 1133 inter
1211 1068 1329 1131 Varro-

268 1184 320 1246 nis
344 1183 430 1245 der.
454 1200 478 1242 r.
503 1184 534 1242 et
557 1178 596 1241 de
619 1177 638 1239 l.
661 1174 803 1254 llibros
827 1175 951 1239 efficiat.
999 1176 1057 1238 Vir
1081 1178 1167 1239 enirn
1191 1177 1330 1240 clarissi-

267 1311 349 1354 mus.
379 1288 410 1354 O.
440 1289 473 1352 F.
505 1287 555 1352 W.
588 1283 795 1362 Muellerus1)
821 1285 859 1350 de
888 1286 958 1348 loco
990 1288 1047 1369 qui
1082 1291 1131 1350 est
1158 1285 1209 1350 IX
1238 1287 1256 1368 ἕ
1287 1285 1329 1348 23

267 1422 296 1484 p.
321 1401 383 1462 471
411 1400 578 1481 disputans
601 1416 658 1479 pro
683 1393 823 1458 ‘nomen’
844 1395 1008 1477 vocabule,
1032 1397 1119 1478 quod
1140 1403 1330 1480 corruptum

273 1530 344 1575 esse
373 1513 628 1574 consentaneum
657 1509 714 1585 est,
744 1506 779 1566 in
806 1504 915 1566 codice
945 1505 1047 1568 fuisse
1079 1504 1237 1590 ‘noenum
1275 1524 1330 1566 su·

270 1621 420 1703 spicatur,
443 1636 550 1700 neque
567 1616 672 1679 solum
687 1614 748 1676 hoc
770 1614 850 1695 loco,
874 1614 930 1677 sed
948 1614 1020 1677 aliis
1038 1613 1230 1696 quibusdam
1248 1633 1329 1696 quos

271 1729 379 1792 statim
404 1727 547 1790 afferam:
572 1723 630 1806 IX,
655 1726 673 1805 ξ
700 1722 740 1785 94
763 1744 793 1806 p.
821 1724 883 1785 527
907 1743 965 1806 pro
990 1743 1027 1787 eo
1048 1724 1133 1805 quod
1153 1724 1187 1785 in
1212 1724 1330 1786 codici-

268 1839 331 1901 bus
361 1837 441 1900 falso
476 1835 640 1919 proditum
673 1838 722 1896 est
745 1833 822 1895 ‘non
856 1832 967 1911 enim'3
999 1831 1100 1913 IX,§
1138 1833 1178 1895 79
1201 1854 1231 1916 p.
1256 1833 1330 1910 514,

267 1947 323 2009 ubi
347 1952 471 2009 veteres
494 1946 568 2008 libri
592 1944 632 2007 ad
655 1963 759 2006 unum
783 1962 893 2006 omnes
909 1943 1023 2025 legunt
1047 1942 1142 2005 ‘noxa
1165 1941 1254 2020 non’3
1279 1941 1329 2004 IX

268 2059 286 2138 ᾖ
313 2055 376 2118 112
399 2077 428 2138 p.
450 2053 513 2118 539
537 2061 618 2118 extr.
650 2072 707 2136 pro
731 2071 768 2114 ea
804 2071 885 2134 quae
918 2053 1065 2115 codicum
1099 2058 1147 2116 est
1171 2055 1331 2135 scriptura

268 2165 344 2229 ‘non
368 2163 421 2227 in.'
1100 2181 1103 2186 ·

274 2277 280 2289 '
373 2272 423 2336 De
456 2271 575 2355 quibus
605 2272 684 2335 locis
718 2269 892 2334 Muellerus
915 2271 934 2332 l.
959 2290 985 2334 c.
1008 2273 1043 2334 in
1075 2272 1162 2334 hunc
1195 2271 1329 2333 modum

268 2384 402 2446 disserit.
452 2380 541 2445 ‘Was
564 2382 672 2444 hinter
694 2381 802 2443 diesen
818 2381 932 2444 hbchst
947 2380 1117 2444 auffallend
1134 2363 1250 2464 gerade
1274 2380 1330 2443 der
1442 2365 1443 2370 ἵ

264 2492 408 2556 Partikel
436 2511 502 2554 non
537 2489 845 2554 iibereinstimmend
877 2489 1089 2554 anhaftenden
1118 2490 1330 2573 Anhangseln

272 2623 315 2665 zu
340 2603 462 2666 suchen
486 2602 537 2681 ist,
560 2599 616 2663 das
639 2619 681 2662 nu
704 2600 821 2662 wissen
837 2599 944 2662 werde
966 2600 1016 2662 ich
1042 2600 1125 2662 mich
1156 2600 1262 2662 hiiten
1287 2601 1332 2662 mi

262 2712 366 2776 voller
387 2709 626 2775 Bestimmtheit
657 2728 699 2770 zu
730 2707 921 2791 behaupten,
950 2709 1027 2772 aber
1058 2711 1114 2774 das
1137 2709 1255 2793 glaube
1278 2710 1330 2771 ich

263 2825 425 2884 vertreten
448 2840 490 2882 zu
513 2819 653 2897 kbnnen‚
677 2817 751 2880 dass
771 2818 887 2899 jedem,
911 2818 967 2881 der
991 2820 1058 2882 sich
1082 2820 1233 2900 erinnem,
1257 2819 1329 2882 dass

265 3064 394 3118 exhibent
417 3064 450 3130 V,
481 3064 550 3133 §25
580 3079 604 3131 p.
625 3065 667 3128 42,
699 3063 744 3131 qui
774 3062 849 3118 locus
879 3064 908 3115 in
939 3064 1030 3118 codice
1049 3063 1119 3119 Flor.
1152 3065 1190 3118 sic
1216 3064 1327 3132 legitur:

267 3155 391 3223 ‘Puteoli
410 3156 480 3224 quod
499 3156 632 3208 incircum
651 3171 712 3208 eum
730 3155 820 3207 lecum
839 3171 923 3224 aquae
941 3155 1052 3222 frigidae
1069 3159 1095 3208 et
1108 3156 1198 3210 caldae
1212 3156 1328 3210 multae'.

264 3246 309 3300 Illi
328 3263 394 3316 quos
413 3247 472 3299 dixi
490 3245 552 3299 libri
571 3262 618 3314 pro
636 3245 719 3298 verbo
736 3239 885 3298 ‘incircum’
905 3247 1004 3299 habent
1020 3241 1084 3299 ‘sint
1102 3246 1189 3300 circa'.
1216 3247 1250 3299 ut
1268 3263 1328 3314 pro·
1441 3273 1442 3302 z

265 3339 335 3391 fecto
363 3337 504 3390 offensioni
532 3340 573 3391 est
600 3337 733 3405 particula
758 3354 890 3406 nusquam
916 3338 979 3391 abbi
997 3355 1047 3391 nec
1066 3339 1099 3391 ab
1118 3341 1208 3391 nostro
1228 3355 1277 3390 nec
1297 3339 1329 3391 ab
1441 3393 1442 3402 ¹

269 3427 322 3480 alio
350 3427 439 3496 aliquo
468 3428 596 3496 scriptore
625 3428 754 3495 admissa3
782 3428 874 3497 itaque
901 3428 1025 3482 Handius
1053 3429 1080 3498 (l.
1107 3446 1127 3481 c.
1153 3428 1188 3496 Π,
1216 3446 1241 3497 p,
1266 3430 1329 3494 358)

273 3509 389 3572 ‘Dubito'
418 3519 508 3587 inquit
534 3514 717 3573 ‘vehementer
742 3521 775 3574 de
798 3536 851 3573 usu
874 3519 1079 3588 praepositionis
1097 3537 1150 3574 non
1169 3520 1329 3586 adverbiali;

264 3611 313 3664 sed
332 3613 457 3678 exspecto
486 3611 573 3664 adhuc
596 3611 759 3664 defensionis
783 3615 947 3681 argumenta,
977 3613 1096 3666 nondum
1119 3612 1220 3665 aviris
1244 3612 1330 3666 doctis

265 3700 405 3770 exposita’.
444 3701 500 3755 Nos
523 3703 634 3770 quidem
656 3702 798 3756 lectionem
823 3720 890 3773 quae
914 3707 956 3757 est
973 3700 1037 3758 ‘sint
1055 3702 1134 3757 circa’
1157 3703 1251 3758 falsam
1271 3720 1330 3756 esse

265 3793 411 3860 credimus
431 3793 478 3846 sed
497 3794 531 3846 de
549 3793 648 3847 tradita
666 3793 781 3848 lectione
801 3812 863 3849 cum
876 3795 983 3850 Handio
996 3796 1158 3850 dubitamus,
1195 3794 1288 3863 Itaque
1306 3795 1330 3847 si

264 3886 451 3940 emendatione
470 3900 537 3953 opus
556 3886 604 3951 est,
624 3885 700 3938 nobis
719 3886 888 3956 potissimum
907 3888 996 3958 placet
1014 3887 1056 3941 ‘in'
1077 3885 1211 3958 particula
1227 3889 1329 3938 remota

262 3976 317 4045 legi
336 3975 463 4045 ‘circum',
487 3992 539 4046 qua
567 3977 700 4046 particula
725 3977 881 4048 saepissime
909 3983 1000 4036 noster
1022 3996 1089 4034 usus
1108 3981 1156 4032 est.
1175 4007 1210 4015 -
1228 3976 1329 4029 Eadem

261 4069 342 4137 atque
361 4067 516 4128 ‘incircuu1'‚
530 4067 632 4121 ratione
651 4068 796 4123 formatum
815 4072 855 4124 est
880 4072 1040 4127 vocabulum
1060 4069 1224 4138 inversum',
1259 4068 1330 4138 quod

262 4160 333 4229 apud
353 4163 474 4214 nostrum
493 4161 568 4213 extat
586 4159 646 4227 vn,
666 4160 682 4229 ἕ
702 4160 737 4216 82
755 4179 780 4229 p.
800 4163 861 4216 361.

369 4252 395 4323 1)
414 4251 432 4308 l.
452 4269 473 4312 c.
493 4267 518 4318 p.
536 4249 597 4308 423.
