2908 4846
652 428 690 489 71

137 616 189 679 dio
212 614 307 678 Form
331 635 471 678 noenum
499 635 561 678 vou
584 615 711 678 Nonius
733 636 762 698 p.
789 614 852 676 144
877 615 1024 699 [Warum
1048 617 1202 679 troiadem

136 746 203 789 von
228 725 363 789 Corsseu
388 723 497 787 Vocal.
525 724 550 806 Ι,
582 745 610 807 p.
647 724 755 788 19611.
791 744 932 788 noenum
965 745 1027 788 nur
1059 726 1105 788 als
1130 728 1200 789 eine

137 835 234 899 For-m
270 835 326 898 des
356 832 528 910 Luciliusll
563 835 734 918 angefiihrt
768 835 899 897 worden
933 835 984 915 ist,
1016 837 1110 898 weiss
1148 837 1199 898 ich

134 943 236 1028 nicht]
276 943 505 1006 ausdrucklich
544 965 604 1007 aus
638 944 693 1007 der
727 943 864 1026 epistula
899 944 937 1005 ad
965 942 1109 1007 Fuffium
1144 945 1200 1007 des

133 1051 265 1134 Varr02)
290 1051 460 1136 angcfiihrt
482 1054 571 1134 wird,
596 1053 646 1115 die
671 1053 876 1136 Vormutuug
899 1053 967 1115 sich
997 1052 1199 1136 aufdrtingen

133 1183 235 1242 musa,
259 1164 332 1226 dass
349 1163 409 1225 alle
422 1164 497 1244 jone
513 1161 748 1226 Verder'bnisse
764 1163 869 1224 nichts
886 1161 933 1224 als
949 1160 1199 1245 Entstellungeu

132 1272 191 1336 des
224 1273 493 1355 urspriinglioben
531 1291 673 1334 noenum
712 1273 789 1335 oder
827 1290 935 1334 noenu
968 1271 1048 1333 sind.
1103 1270 1197 1334 Dazu

131 1382 267 1458 kommt,
289 1382 363 1445 dass
389 1401 482 1444 wenn
515 1401 658 1444 noenum
686 1401 744 1443 aus
776 1401 816 1444 ne
848 1399 965 1443 oenum
995 1381 1196 1458 eutstanden‚

132 1491 201 1554 also
226 1492 297 1554 eine
314 1490 539 1574 Verstiirlrung
561 1510 625 1552 von
649 1510 714 1553 non
739 1492 787 1572 ist,
811 1510 851 1552 an
868 1490 952 1552 allen
964 1489 1197 1571 jenenStellen

130 1601 220 1664 diese
243 1600 338 1663 Form
362 1609 420 1684 gut
443 1600 549 1684 passt.’

240 1709 309 1773 Nos
339 1712 528 1792 priusquam
561 1710 600 1772 de
630 1710 693 1772 ,viri
727 1709 903 1772 doctissimi
937 1710 1085 1792 opinione
1112 1709 1198 1771 iudi-

130 1821 221 1882 cium
244 1820 410 1899 faciamus
434 1819 568 1882 consilio
594 1819 663 1880 eius
681 1837 774 1900 agere
798 1819 890 1882 nobis
905 1819 1063 1898 ridemur,
1087 1819 1114 1881 si
1137 1819 1196 1881 bos

130 1947 264 2010 quoque
280 1928 367 1991 locos
391 1929 453 1990 huc
472 1927 654 1990 referimus:
679 1927 720 2008 V,
743 1926 762 2013 ξ
787 1929 828 1990 26
852 1950 882 2011 p.
909 1930 951 1991 43
973 1926 1031 1990 ubi
1055 1927 1194 1991 ‘nomen'

128 2039 258 2101 codices
282 2039 398 2101 iterum
430 2036 510 2100 falso
541 2037 708 2116 exhibent3
749 2037 837 2100 VIII.
863 2039 880 2119 ᾗ
914 2038 955 2099 69
979 2058 1007 2120 p.
1032 2039 1106 2118 443,
1130 2058 1195 2120 quo

127 2147 200 2209 loco
223 2147 352 2229 plurimi
375 2148 410 2208 in
434 2166 470 2209 eo
499 2147 585 2229 quod
618 2147 771 2209 traditum
800 2153 848 2210 est
873 2146 961 2210 ‘noti'
990 2149 1195 2229 negationem

129 2255 220 2318 'non'
245 2256 428 2320 delitescere
451 2261 655 2338 putaverunt.

237 2363 278 2427 Et
302 2385 379 2428 sane
403 2367 532 2446 mirum,
546 2365 632 2448 quod
649 2366 746 2448 vulgo
763 2366 957 2446 existimant,
973 2365 1022 2428 bis
1044 2364 1194 2428 omnibus

125 2475 210 2537 locis
235 2474 322 2538 ‘non’
345 2475 520 2558 particulae
543 2475 755 2557 corruptelam
785 2475 957 2553 accidisse3
999 2495 1194 2558 quamquam

126 2583 279 2648 facillime
302 2586 384 2647 hano
412 2586 615 2668 negationem
650 2584 739 2646 velut
774 2605 848 2648 cum
874 2583 1013 2647 ‘nomen'
1036 2584 1194 2647 vocabulo

127 2693 354 2775 compendiose
379 2698 509 2757 exarato
542 2695 731 2756 commutari
764 2695 908 2776 potuisse
937 2712 1031 2756 nemo
1056 2713 1121 2756 non
1145 2695 1194 2755 vi-

127 2797 220 2879 deti).
270 2801 384 2885 Itaque
406 2803 538 2866 lenitate
557 2804 745 2865 mutationis
767 2803 967 2866 nullomodo
991 2803 1194 2882 adducimur,

126 2916 167 2972 ut
189 2911 406 2974 coniecturam
431 2911 578 2975 Muelleri
610 2912 850 2995 amplectamur.
898 2909 991 2986 Quod
1019 2931 1094 2976 vero
1119 2931 1194 2976 ean-

127 3019 202 3082 dem
225 3021 440 3083 coniecturam
465 3023 577 3084 sensui
598 3026 689 3103 putat
713 3023 859 3083 omnium
887 3021 1016 3084 illorum
1048 3023 1193 3085 locorum

127 3129 327 3211 aptissimam
352 3148 431 3210 esse,
455 3129 494 3191 de
516 3131 557 3192 iis
580 3132 658 3194 locis
683 3133 740 3213 qui
764 3136 841 3192 sunt
868 3129 927 3211 IX,
951 3131 969 3210 ξ
995 3133 1036 3194 23
1060 3151 1088 3213 p.
1108 3133 1190 3208 471;

126 3233 235 3322 §112
267 3258 296 3320 p.
323 3236 386 3301 539
410 3244 499 3316 extu,
529 3241 589 3303 hoc
620 3260 751 3323 prorsus
780 3238 910 3323 denego.
957 3239 1105 3323 Denique
1129 3260 1193 3322 quo

236 3412 263 3478 1)
283 3413 323 3465 cfr
349 3413 435 3468 Lucil.
461 3415 494 3467 ed
522 3415 553 3470 L.
571 3409 693 3470 Mueller.
721 3433 739 3483 p
767 3416 827 3470 aot.
865 3415 905 3468 De
937 3416 1033 3470 ceteris
1059 3417 1104 3485 qui
1122 3417 1192 3470 hanc

124 3502 287 3570 particulam
316 3505 442 3573 praebent
470 3506 647 3573 scriptoribus
671 3506 733 3558 vide
759 3507 962 3560 Lachmannum
987 3509 1020 3560 ad
1045 3507 1124 3561 Lucr.
1142 3508 1192 3579 ΠΙ,

124 3593 187 3648 198.
224 3593 345 3648 Ritsohel
374 3611 408 3664 op
436 3595 471 3663 Π,
485 3613 509 3664 p.
523 3598 583 3651 242.
620 3596 777 3652 Buecheler.
797 3599 824 3651 iu
838 3597 1004 3652 Fleckeiseni
1022 3599 1109 3656 annal.
1128 3603 1192 3653 tom.

123 3683 169 3737 87.
190 3684 223 3754 (a.
244 3684 324 3753 1863)
344 3703 368 3753 p.
389 3688 454 3754 7743
472 3686 637 3742 Fleckeisen.
656 3688 744 3756 ipsum
764 3690 828 3743 ibid.
850 3690 919 3744 1865
938 3708 963 3760 p.
984 3691 1044 3748 620.
1063 3689 1191 3747 Ribbeck.

123 3774 204 3829 Scen.
223 3793 289 3831 rom.
308 3793 380 3845 poca.
400 3777 446 3833 rel.
466 3779 506 3833 ed.
525 3779 560 3833 Π.
574 3778 618 3832 vol
646 3779 667 3833 l.
680 3777 708 3832 in
727 3781 782 3833 ind.
796 3782 865 3834 verb.
886 3799 910 3849 p.
931 3783 982 3837 331
1003 3781 1061 3849 (cfr.
1080 3781 1191 3835 corolla-

122 3870 195 3920 rium
213 3883 239 3935 p.
258 3867 416 3940 XXVIII.);
433 3869 486 3924 vol.
506 3871 540 3925 lI.
559 3887 585 3938 p.
604 3871 657 3926 443
679 3872 737 3939 (clr.
756 3891 781 3942 p,
798 3873 849 3927 349
869 3891 893 3927 v.
914 3873 977 3942 494)
995 3872 1111 3940 Langen.
1131 3872 1148 3927 l.
1169 3889 1191 3926 o.

122 3975 149 4027 p.
170 3959 225 4014 263
243 3976 282 4028 sq.

234 4051 260 4121 2)
279 4053 326 4108 cfr.
346 4052 433 4108 Riese.
452 4054 469 4106 l.
490 4072 512 4108 c.
532 4072 557 4122 p.
576 4055 628 4109 259
648 4055 681 4122 (si
700 4055 780 4108 hodie
807 4072 923 4109 noenum
947 4056 1033 4126 venis,
1053 4072 1110 4110 cras
1130 4055 1189 4125 qui-

122 4141 188 4195 dem
208 4187 213 4198 .
236 4143 386 4213 .reneris).

232 4234 259 4303 3)
279 4234 325 4290 cfr.
345 4233 468 4304 Spengel,
487 4235 516 4287 iu
535 4236 644 4305 praelat.
665 4236 727 4291 edit.
746 4253 772 4304 p.
791 4237 880 4291 XVII.
