2908 4846
691 382 847 446 ’100

282 573 378 636 habet
412 571 607 633 Varroniani
651 569 807 632 sermonis
846 569 1006 646 notitiam3
1046 568 1223 632 illiusmodi
1262 571 1351 632 enim

250 718 253 723 ·
283 681 430 764 exempla
463 681 548 762 apud
577 685 725 743 nostrum
763 685 826 741 tarn
851 679 954 740 multa
978 683 1098 757 extant,
1131 685 1168 740 ut
1191 679 1352 741 nonnulla

284 793 313 855 h.
338 791 357 852 1.
382 789 495 852 afferre
520 791 795 872 operaepretium
820 807 885 850 non
909 805 979 850 esse
1003 787 1187 869 videatur.¹)

389 879 493 960 Locus
518 900 574 980 qui
598 904 645 961 est
667 897 706 979 ’1,
725 899 743 979 ξ
759 899 809 978 90,
830 919 859 980 p.
871 899 911 960 92
936 896 1139 979 aSpengelio
1155 897 1191 958 in
1207 897 1348 960 editione

285 1009 422 1090 scriptus
439 1013 487 1070 est
508 1008 567 1068 sic:
590 997 807 1070 ‘Praesidium
827 1014 876 1070 est
899 1007 1020 1069 dictum
1045 1007 1121 1088 quia
1138 1012 1229 1068 extra
1245 1012 1352 1070 castra

283 1116 509 1201 praesidebant
543 1116 577 1176 in
611 1114 680 1177 loco
715 1117 823 1199 aliquo
859 1136 922 1198 quo
950 1117 1049 1177 tutior
1077 1118 1162 1197 regio
1187 1115 1280 1178 esset’
1306 1153 1349 1161 —

285 1247 383 1310 quam
407 1226 446 1288 ab
471 1225 583 1288 eodem
607 1223 777 1308 Spengelio
801 1227 918 1290 reiecta
951 1245 1021 1288 esse
1044 1225 1215 1286 lectionem
1250 1245 1351 1308 supra

285 1337 361 1398 dixi.
408 1334 441 1398 Is
465 1335 608 1396 enimin
632 1337 808 1416 specimine
842 1335 1102 1398 emendationum
1137 1333 1223 1416 quod
1251 1336 1350 1396 modo

284 1445 414 1508 laudavi
439 1443 656 1506 ‘Havniensis'
687 1444 795 1524 inquit
819 1443 861 1506 ‘et
885 1443 1076 1508 Parisiensis
1100 1463 1176 1505 cnm
1200 1441 1350 1526 Scioppio

286 1552 382 1637 ‘quod
406 1551 517 1632 extra,
540 1552 706 1616 Gothanus
726 1557 757 1614 et
775 1551 874 1615 Paris.
899 1573 925 1614 a.
942 1573 967 1616 c.
992 1553 1060 1636 ‘qui
1084 1553 1200 1630 extra';
1225 1557 1349 1615 certum

286 1664 324 1726 de
347 1663 416 1724 loco
452 1662 648 1724 restituendo
671 1660 826 1724 iudicium
859 1681 923 1723 non
947 1661 1029 1725 fecit.
1076 1659 1209 1724 Carolus
1239 1667 1348 1725 autem

286 1771 467 1835 Odofredns
492 1769 667 1832 Muellerus
698 1771 756 1834 hos
790 1777 853 1834 tres
887 1771 1010 1833 codices
1044 1779 1176 1834 secutus
1211 1770 1287 1851 ‘qui'
1311 1773 1347 1833 in

284 1887 439 1944 contextu
462 1881 577 1962 posuit,
602 1900 698 1961 quam
716 1879 891 1944 Florentini
917 1880 1036 1942 codicis
1072 1899 1140 1942 esse
1175 1881 1348 1944 lectionem

284 1991 474 2074 Spengelius
504 1993 613 2071 postea
644 1987 740 2051 Keilii
773 1990 941 2052 collatione
973 1991 1125 2072 cognovit
1160 1995 1191 2052 et
1222 1989 1346 2072 publici

284 2102 364 2166 iuris
387 2100 462 2163 fecit
485 2119 511 2160 a.
538 2095 656 2178 18582)

394 2209 432 2282 V,
456 2207 564 2290 §136‚
588 2227 616 2290 p.
635 2207 697 2269 138
720 2208 753 2268 11
783 2206 945 2270 codicibus
968 2207 1122 2289 leguntur
1145 2209 1235 2270 haec:
1273 2207 1347 2270 ‘Ra-

286 2320 369 2384 stelli
393 2328 429 2380 ut
451 2319 575 2399 irpices,
606 2336 712 2380 serrae
736 2317 836 2395 leves3
871 2317 915 2378 ita
950 2336 1014 2398 qua
1048 2317 1144 2378 homo
1178 2319 1210 2380 in
1246 2319 1347 2400 pratis

286 2450 341 2514 per
363 2429 514 2491 fenisecta
540 2444 576 2488 eo
599 2425 740 2489 festucas
765 2426 911 2497 corradit,
943 2445 1006 2507 quo
1039 2425 1078 2487 ab
1102 2446 1178 2488 rasu
1212 2425 1349 2489 Rastelli

285 2537 382 2601 dicti’.

393 2645 462 2709 ‘Eo’
487 2647 620 2707 sirecte
644 2643 804 2724 sehabet,
828 2645 907 2725 quin
925 2644 1055 2708 verbum
1078 2635 1222 2707 ‘rastelli’
1247 2643 1349 2725 signi-

285 2756 359 2819 ficet
382 2775 439 2838 ego
464 2774 528 2817 non
553 2753 677 2832 dubit03
713 2755 822 2836 itaque
853 2755 932 2816 alter
953 2753 1007 2815 ille
1031 2753 1189 2816 ablativus
1219 2754 1275 2834 qui
1299 2759 1349 2814 est

288 2865 373 2946 ‘qua'
398 2865 475 2946 quid
500 2863 560 2926 sibi
585 2864 661 2925 velit
684 2882 749 2924 non
772 2862 874 2924 video.
921 2861 984 2925 Sed
1014 2862 1166 2926 facillime
1192 2849 1351 2925 mutando

395 3114 419 3179 ll
439 3113 525 3164 Aliter
543 3112 576 3163 de
594 3112 644 3164 hoc
663 3110 721 3164 ldco
740 3109 820 3163 sentit
838 3109 972 3164 Henn'cus
991 3110 1122 3164 Iordanus
1140 3110 1213 3178 (Top.
1232 3126 1297 3168 rom.
1310 3109 1350 3172 11,

287 3223 311 3273 p.
331 3204 406 3271 ooop
434 3198 514 3255 ‘Hinc
533 3205 671 3266 vecturam
691 3201 754 3268 quia
772 3201 875 3254 ratibus
894 3203 1051 3266 transibant,
1071 3201 1211 3267 Quadrans
1256 3201 1351 3256 Abeo

286 3295 408 3349 Lucilius
426 3293 545 3360 scripsit:
575 3292 740 3360 ‘quadrantis
759 3293 840 3346 ratiti*
869 3310 950 3361 quam
980 3293 1014 3346 ad
1042 3296 1202 3347 sententiam
1228 3291 1270 3345 rel
1287 3292 1351 3345 ideo

287 3404 339 3441 non
363 3386 469 3450 accedo,
488 3385 559 3452 quod
577 3376 655 3452 ‘quia'
677 3384 810 3452 particula
827 3385 854 3440 h.
874 3385 892 3440 l.
910 3402 963 3439 non
981 3389 1053 3438 recte
1072 3401 1101 3438 se
1120 3385 1214 3451 habet3
1237 3387 1294 3436 turn
1314 3384 1350 3436 de

287 3479 390 3547 urigine
418 3477 543 3530 vocabuli
570 3477 727 3544 quadrantis
755 3476 898 3530 indicanda
924 3493 978 3530 non
1005 3477 1176 3545 cogitandum
1202 3475 1270 3528 mihi
1288 3491 1352 3528 esse

287 3571 401 3629 videtur,

394 3663 422 3725 2)
442 3659 480 3712 Do
499 3660 602 3713 emend.
621 3663 669 3712 rat.
696 3677 720 3727 p.
740 3663 783 3716 12.
806 3691 837 3698 —
866 3660 955 3714 Etiam
982 3659 1087 3712 Grothii
1109 3659 1250 3713 collatione
1273 3657 1349 3710 illam

268 3754 429 3818 ,lectionem
448 3751 630 3805 confirmatam
649 3753 795 3818 habemus
816 3753 863 3811 cfr,
882 3770 908 3821 p.
922 3751 964 3821 28,
984 3769 1011 3804 1.
1026 3753 1085 3805 130.
1105 3782 1138 3790 -
1167 3751 1300 3804 ‘Ceterum
1319 3750 1349 3801 in

289 3845 345 3898 illis
365 3843 455 3896 verbis
473 3843 650 3895 omittendum
669 3838 736 3911 ί101,
764 3845 835 3912 quod
859 3845 887 3896 in
910 3843 977 3896 libro
996 3842 1150 3896 Florentino
1175 3843 1267 3894 deesse
1286 3849 1349 3893 ante

288 3936 429 3990 Grothium
442 3933 600 4004 Spengelius
618 3933 676 3988 loco
695 3936 773 3989 modo
791 3935 899 3990 laudato
918 3925 1142 3989 commemorarit¹
1158 3935 1193 4002 (p.
1209 3934 1263 4000 11).
1281 3926 1348 3983 ‘Lex

288 4027 329 4082 est
347 4028 419 4080 enim
438 4044 454 4081 a
471 4031 562 4081 nostro
581 4031 704 4080 accurate
728 4028 877 4094 observata,
902 4029 932 4079 ut
955 4042 1094 4093 nunquam
1119 4027 1148 4078 in
1173 4025 1274 4094 origine
1300 4039 1347 4076 ex·

287 4117 419 4188 pedienda
436 4119 538 4186 passivi
556 4120 669 4187 tempori
691 4119 835 4186 praeterito
859 4119 971 4172 verbum
996 4119 1196 4172 substantivum
1224 4117 1345 4170 addatur'

289 4210 412 4280 Spengel.
432 4211 582 4281 inemend.
602 4228 673 4280 spec.
693 4229 717 4280 p.
730 4211 755 4265 5.
