2888 4854
769 319 810 386 14

257 515 381 597 primus
414 513 532 577 senarii
570 531 626 594 pes
661 513 827 576 exciderit.
874 513 989 596 Neque
1024 513 1141 578 desunt
1163 515 1234 595 loc-i,
1267 513 1329 577 ubi
1418 515 1419 550 ³

256 622 343 686 idem
368 621 449 685 illud
475 622 572 704 ‘quod
596 621 653 684 est'
677 623 710 686 in
735 622 834 685 simili
859 642 919 686 usu
942 628 1100 704 versatur,
1123 628 1159 686 ut
1179 627 1257 687 sunt

366 751 439 831 vn,
462 752 549 834 pm,
572 771 601 834 p.
621 753 698 829 3533
724 749 812 833 soe,
834 773 862 834 p.
881 753 944 815 375
969 752 1130 835 choos,
1152 773 1180 836 p.
1199 753 1271 819 365.

365 861 439 943 vn,
462 861 481 943 a
500 863 549 942 15,
572 881 601 944 p.
619 861 682 924 roo
696 862 747 942 op
773 861 791 944 ς
811 863 860 943 14,
883 882 912 944 p.
932 858 1036 947 reeh

365 991 478 1074 Itaque
514 992 541 1054 si
573 993 646 1074 quis
679 993 764 1069 velit,
799 992 883 1054 hanc
918 993 968 1056 vel
992 992 1080 1056 illam
1105 993 1325 1056 coniecturam
1418 979 1419 982 ¹

257 1102 406 1184 accipiat3
443 1120 501 1184 ego
537 1106 643 1164 utrem
676 1121 795 1185 sequar
832 1102 949 1166 dubius
989 1103 1121 1182 haesito,
1155 1101 1215 1165 hoc
1247 1120 1324 1164 vero

259 1230 360 1273 unum
385 1230 467 1293 nego
490 1211 673 1274 inducendo
689 1213 880 1294 particulam
896 1212 1072 1276 tollendam
1089 1230 1167 1274 esse.
1213 1209 1324 1274 Habes

259 1321 346 1382 enim
369 1320 404 1381 in
426 1319 583 1384 Varronis
608 1321 657 1383 his
673 1320 773 1402 libris,
796 1323 954 1405 imprimis
970 1323 1004 1383 in
1022 1323 1155 1404 septimo
1172 1340 1325 1403 magnam
1418 1371 1419 1400 p

256 1429 402 1492 locorum
425 1431 676 1511 multitudinem,
707 1430 765 1493 nbi
799 1436 1005 1514 epoetarum
1036 1430 1156 1493 fabulis
1179 1430 1231 1493 vel
1254 1448 1324 1491 car-

258 1539 401 1602 minibus
425 1559 537 1605 versus
561 1541 750 1617 laudantnr3
779 1541 815 1601 in
839 1539 957 1623 quibus
982 1539 1132 1602 omnibus
1156 1545 1229 1603 ante
1252 1559 1323 1602 ver·

258 1667 331 1711 sum
355 1649 520 1712 landa-tum
546 1654 602 1712 aut
626 1650 730 1712 solum
753 1654 865 1733 poetae
888 1667 1007 1712 nornen
1031 1656 1068 1711 ut
1101 1646 1238 1710 ‘Ennius
1261 1646 1322 1710 Pa·
1418 1655 1419 1710 ἲ

257 1760 383 1840 ouvius,
407 1759 561 1839 Naevius
584 1758 730 1822 Plautus'
764 1764 820 1822 aut
852 1777 927 1820 oum
951 1757 1057 1840 ‘apud‘
1089 1759 1322 1841 praepositione
1418 1763 1419 1814 ἲ

257 1870 468 1932 coniunctum
492 1869 616 1952 legitur.
673 1869 787 1952 ltaque
811 1888 885 1932 cum
910 1886 975 1930 uno
1005 1868 1063 1930 hoo
1091 1867 1160 1929 loco
1183 1867 1322 1948 interpo-
1418 1895 1419 1928 r

259 1976 341 2039 lator
365 1998 428 2061 qua
451 1998 485 2042 re
510 1979 667 2042 adductus
684 1979 725 2042 sit
742 1983 777 2041 ut
791 1977 981 2060 particulam
1001 1973 1152 2058 ‘quidem'
1168 1976 1324 2038 insereret
1418 2007 1419 2023 κ

259 2085 389 2150 difficile
413 2089 453 2150 sit
477 2088 573 2167 dictu,
597 2092 633 2151 ut
657 2089 770 2152 ceteris
793 2088 870 2150 locis
893 2089 937 2149 ita
969 2087 1029 2149 hoc
1062 2103 1189 2168 quoque
1213 2089 1322 2147 nostro
1418 2091 1419 2146 ἶ

260 2213 330 2258 eam
355 2215 372 2258 e
393 2196 474 2258 falsa
496 2195 618 2259 librarii
641 2197 777 2260 lectione
810 2199 845 2258 in
877 2202 1063 2260 contextum
1091 2196 1219 2258 venisse
1241 2195 1322 2256 mihi
1418 2223 1419 2266 r

257 2305 410 2387 persuasi.

364 2431 513 2517 Denique
536 2437 664 2499 tertium
687 2437 783 2500 huius
806 2436 981 2519 particulae
1004 2436 1118 2514 locum,
1143 2452 1238 2516 quem
1263 2453 1321 2516 ego

258 2543 360 2623 attuli,
384 2562 485 2606 unum
511 2545 654 2607 omnium
678 2547 925 2609 vexatissimum

366 2672 422 2754 VI,
447 2673 533 2756 §bh
556 2694 585 2756 p.
603 2674 667 2734 246
692 2674 816 2738 codices
841 2677 886 2739 sic
911 2675 1078 2738 exhibent:
1105 2673 1250 2757 ‘Spondit
1274 2679 1322 2736 est
1418 2735 1419 2738 ,

258 2781 400 2865 Sponsor
425 2783 554 2866 quidem
576 2783 672 2846 faciat
695 2783 855 2868 obligatur
878 2785 1021 2868 Sponsus
1046 2781 1271 2866 Cousponsus.’

366 2912 523 2988 ‘Quidem’
547 2916 736 2997 particulam
759 2916 788 2978 h.
805 2916 824 2978 l.
848 2935 915 2980 non
930 2921 1016 2980 recte
1031 2915 1094 2997 legi
1109 2915 1194 2976 inter
1210 2931 1321 2976 omnes

258 3029 396 3104 constat3
432 3044 488 3107 pro
524 3045 588 3107 qua
623 3027 821 3089 coniecturas
852 3047 870 3088 a
899 3025 1060 3090 veteribus
1093 3022 1321 3106 interpretibus

256 3133 357 3198 tactas
387 3135 472 3216 apud
500 3133 705 3219 Spengelium
733 3155 927 3219 cognoscere
950 3135 1032 3197 licet.
1083 3130 1321 3215 Equibus‘Sci-

257 3246 343 3328 oppii
372 3246 588 3307 coniecturam
613 3245 780 3308 scribentis
812 3245 879 3329 ‘qui
914 3243 1002 3306 dum'
1031 3242 1220 3326 Spengehus
1251 3242 1321 3325 pul-

258 3354 370 3416 chram
410 3355 536 3436 putavit
574 3354 661 3435 adeo,
699 3360 736 3418 nt
766 3356 801 3416 in
837 3358 994 3418 contextu
1025 3354 1204 3418 collocaret.
1259 3353 1321 3416 Sed

259 3465 315 3546 qui
349 3469 420 3546 post
451 3463 658 3548 Spengelinm
683 3465 741 3528 hos
774 3465 813 3528 de
836 3467 856 3528 l.
880 3466 900 3528 1.
934 3464 1033 3528 libros
1059 3464 1158 3528 edidit
1190 3462 1321 3528 Carolus

258 3571 439 3637 Odofredus
471 3574 646 3639 Muellerus
681 3594 749 3638 eam
785 3595 896 3640 veram
931 3594 1001 3640 esse
1036 3575 1174 3656 negavit
1205 3578 1236 3637 et
1265 3574 1321 3655 qui

257 3685 369 3766 paucis
408 3687 501 3748 annis
536 3690 607 3769 post
649 3685 687 3748 de
722 3687 782 3748 hoc
818 3687 887 3750 loco
921 3691 952 3748 et
988 3682 1181 3748 recensendo
1217 3684 1248 3744 et
1283 3678 1321 3740 il·
1418 3723 1419 3728 η

257 3813 471 3820 -.-,-...-

365 3863 392 3930 1)
410 3860 442 3913 In
461 3862 555 3915 eadem
573 3862 624 3915 hac
642 3862 743 3930 pagina
761 3865 881 3917 extrema
899 3861 1063 3915 Havniensis
1083 3859 1180 3926 Codex,
1204 3855 1320 3911 bonitate
1418 3913 1419 3916 ,

258 3953 399 4021 prosimus
417 3952 579 4021 Florentino,
607 3953 675 4007 falso
700 3955 808 4008 exhibet
836 3950 964 4024 ‘quidem'
989 3969 1037 4024 pro
1060 3969 1092 4008 ea
1110 3967 1179 4021 quae
1197 3965 1263 4004 vera
1280 3951 1321 4002 est

258 4043 337 4098 lectio
355 4039 436 4114 ‘quod
455 4046 517 4099 est’!
535 4076 571 4085 -
1418 4111 1419 4118 χ

364 4138 394 4193 L.
413 4136 560 4192 Muellerus
578 4136 606 4190 in
625 4139 665 4192 ed.
686 4137 770 4192 Lucil.
790 4156 816 4207 p.
837 4140 889 4195 158
907 4139 1012 4194 scribit:
1031 4135 1110 4206 ‘Quoi
1128 4136 1232 4205 thynno
1252 4173 1258 4190 .
1279 4179 1284 4193 .
1305 4143 1320 4189 .’
1418 4173 1419 4176 η
