2908 4846
790 417 830 480 68

283 612 311 690 8,
337 611 355 672 2
380 610 425 695 (id
445 611 527 672 lacte
551 629 649 691 quam
674 610 836 671 asininum
865 613 896 670 et
919 608 981 669 alia
1005 608 1112 670 omnia
1137 607 1249 670 dicunt
1272 627 1347 671 esse

280 720 414 799 melius).
439 719 493 782 cfr.
518 722 573 782 sat.
597 717 681 780 Men.
705 739 734 801 p.
759 717 830 796 161,
854 713 875 778 5
900 721 1019 798 (neque
1036 716 1164 780 vetulus
1180 718 1346 779 canterius

280 848 377 910 quam
400 829 546 892 novellus
570 826 710 910 melior).

386 935 476 1000 Haec
507 937 607 999 habeo
643 936 791 1018 exempla
826 955 909 1018 quae
943 935 1007 997 huc
1030 936 1205 1018 pertinent,
1242 935 1346 997 multa

281 1066 351 1110 esse
374 1052 538 1129 praeterea
561 1047 624 1108 alia
658 1047 692 1108 in
726 1045 817 1108 libris
853 1045 891 1108 de
919 1065 942 1106 r.
967 1066 991 1107 r.
1016 1064 1098 1126 quae
1123 1045 1248 1108 solitam
1271 1065 1347 1128 par-

279 1157 396 1219 ticulae
419 1157 662 1220 collocationem
686 1155 868 1236 ostendunt,
892 1175 958 1218 non
982 1175 1063 1237 opus
1087 1159 1135 1217 cst
1158 1155 1270 1217 dicere.
1301 1153 1346 1215 m

279 1268 313 1328 in
337 1267 427 1332 libris
453 1266 582 1349 quidem
607 1266 645 1328 da
669 1265 687 1327 l.
711 1265 730 1326 l.
755 1265 881 1347 scriptis
905 1284 1085 1346 numquam
1109 1262 1148 1326 ab
1169 1281 1206 1325 ea
1221 1261 1346 1325 recedit

281 1383 389 1440 noster
425 1381 558 1460 excepto
592 1375 653 1438 hcc
688 1394 754 1437 uno
788 1374 857 1436 loco
881 1371 970 1456 VIII,
1000 1374 1017 1454 ἕ
1044 1371 1094 1450 13,
1118 1394 1147 1456 p.
1172 1373 1245 1434 401.
1282 1368 1347 1453 (De

280 1503 392 1548 eorum
415 1485 628 1549 declinatione
653 1505 749 1568 quam
773 1484 813 1547 de
837 1483 1010 1546 verborum
1033 1488 1106 1546 ante
1131 1482 1249 1561 dicam)
1285 1481 1344 1562 qui

280 1594 307 1657 si
343 1599 428 1657 recte
463 1613 496 1658 se
530 1595 626 1657 habet
647 1595 747 1675 leone,
781 1595 864 1656 hanc
898 1592 1072 1655 verborum
1102 1592 1343 1654 collocationem

280 1703 386 1766 studio
422 1703 515 1766 debet
549 1702 781 1765 vocabulorum
817 1721 899 1784 quae
935 1707 1012 1764 sunt
1042 1700 1136 1765 ‘ante’
1161 1708 1192 1763 et
1216 1698 1343 1761 ‘dicam'

279 1813 365 1875 inter
399 1830 448 1875 se·
465 1811 664 1876 coalescendi
697 1817 728 1874 et
752 1812 963 1894 compositum
988 1811 1073 1892 quod
1097 1831 1249 1874 vocamus
1274 1807 1344 1873 effi-

280 1919 422 2000 electili

387 2030 543 2116 imprimis
566 2029 724 2092 vocabulo
740 2031 773 2091 in
790 2029 881 2093 libris
898 2029 937 2093 de
956 2030 976 2092 l.
996 2031 1014 2092 l.
1039 2035 1149 2093 noster
1171 2048 1236 2090 non
1261 2047 1345 2089 usus

280 2147 337 2220 est,
358 2159 415 2222 pro
440 2159 504 2222 qno
528 2138 674 2201 adhibuit
696 2139 891 2203 locutionem
917 2137 959 2200 ‘in
983 2137 1097 2220 primo’
1122 2155 1257 2218 eamque
1280 2136 1344 2197 hoo

279 2269 345 2312 uno
368 2249 437 2312 loco
461 2247 534 2328 VII,
559 2248 577 2329 ξ
599 2249 617 2310 2
640 2269 669 2331 p.
690 2246 763 2310 283.
809 2245 898 2309 Libri
922 2247 1008 2311 der.
1032 2267 1056 2310 r.
1085 2247 1168 2312 illud
1200 2244 1344 2308 vocabu·

279 2357 347 2420 lum
378 2359 519 2440 positum
552 2356 670 2419 habent
702 2358 753 2420 his
785 2357 878 2420 locis:
911 2355 936 2437 I,
962 2357 1035 2437 2,8
1071 2355 1157 2439 (Duo
1191 2355 1345 2438 inprimis
1445 2337 1446 2348 ¹

279 2588 346 2642 Vult
364 2590 436 2642 enim
455 2590 537 2643 scribi
557 2590 637 2658 ¹prior
655 2607 680 2658 q.
700 2607 725 2658 p.
745 2589 877 2644 crebrior'.
915 2591 996 2645 Codd.
1022 2591 1058 2644 ‘in
1077 2607 1108 2644 ec
1126 2589 1214 2658 prior'3
1239 2589 1342 2643 Victor.

279 2680 347 2735 coni.
367 2680 485 2736 ‘melior'.

386 2778 412 2836 1)
432 2773 484 2828 cfr.
513 2774 546 2826 de
576 2772 622 2827 l.l
649 2772 698 2840 IX,
726 2773 821 2843 5104,
848 2793 872 2844 p.
892 2776 943 2829 533
963 2776 1012 2828 ‘est
1030 2791 1060 2828 ac
1079 2777 1174 2842 putant
1192 2771 1286 2826 aliter'.
1306 2802 1342 2810 -
1444 2765 1445 2786 ¹

280 2863 394 2932 Reliqua
412 2865 441 2917 in
459 2865 504 2918 his
522 2863 598 2918 libris
616 2863 699 2917 huius
718 2865 822 2932 generis
841 2865 971 2934 exempla,
991 2882 1058 2936 quae
1079 2864 1187 2919 verbaa
1200 2863 1342 2918 tritissima
1444 2881 1445 2887 ¹

280 2954 382 3008 ratione
400 2954 481 3022 paulo
509 2956 615 3008 diverse
644 2955 772 3010 collocata
789 2955 896 3022 habent,
924 2957 999 3025 VlH,
1019 2958 1035 3027 g
1054 2957 1096 3025 79,
1124 2973 1149 3025 p.
1170 2955 1222 3010 450
1243 2955 1287 3020 i‘in
1309 2971 1344 3007 eo

280 3046 368 3114 potius
385 3047 557 3114 sequendam,
577 3061 657 3114 quam
676 3047 905 3116 consuetudinem,
923 3047 1087 3118 rationem');
1105 3048 1155 3114 IX,
1168 3049 1183 3116 ξ
1196 3045 1238 3114 28,
1251 3063 1277 3113 p.
1287 3047 1342 3098 474

280 3140 342 3207 i‘An
362 3138 439 3191 aliter
457 3139 507 3192 hoo
526 3139 564 3208 fit,
584 3154 665 3206 quam
683 3138 712 3192 in
731 3142 799 3206 abre,
818 3138 846 3191 in
867 3139 942 3207 aqua’
951 3140 983 3210 7),
1002 3139 1037 3200 X.
1058 3140 1074 3209 ἓ
1092 3142 1135 3205 42,
1153 3156 1179 3208 p.
1198 3137 1341 3208 56806111-

279 3230 392 3298 gentius,
422 3245 502 3298 quam
530 3229 584 3297 alii,
612 3229 646 3282 ab
664 3230 821 3283 Aristarcho
852 3230 1047 3300 grammatici),
1073 3247 1104 3284 ea
1127 3231 1183 3284 huc
1207 3247 1261 3284 non
1279 3247 1341 3298 per·
1443 3253 1444 3300 g

279 3319 377 3386 tinem,
404 3320 539 3374 rhetorica
563 3319 635 3372 enim
664 3336 746 3374 causa
773 3321 905 3376 adductus
932 3323 1001 3376 hanc
1019 3325 1111 3375 noster
1136 3322 1165 3374 in
1184 3321 1341 3376 ordinandis
1443 3317 1444 3334 ¹

279 3411 389 3464 vocibus
409 3411 480 3465 viam
499 3411 638 3481 ingressus
657 3429 715 3466 esse
734 3412 851 3471 videtur.
875 3444 909 3452 -
935 3413 1027 3468 liceat
1048 3413 1093 3468 hie
1117 3413 1184 3466 mihi
1202 3429 1288 3482 pauca
1306 3412 1342 3465 de

284 3517 312 3554 re
337 3503 452 3571 quadam
477 3501 575 3566 dicere,
604 3520 685 3572 quam
713 3521 800 3576 nuper
823 3505 933 3560 Carolus
955 3503 1041 3558 Rothe
1067 3504 1138 3574 apud
1161 3503 1263 3574 priscos
1287 3501 1340 3557 Ro-

284 3608 422 3646 manomm
442 3593 586 3662 scriptores
598 3595 758 3663 observavit,
774 3598 834 3665 post
851 3597 961 3666 gradum
976 3595 1190 3664 comparativum
1202 3595 1345 3649 rarissime-

278 3684 342 3754 poni
374 3685 464 3752 ‘quam
495 3685 542 3754 ut',
573 3685 601 3739 in
620 3688 813 3742 consuetudine
843 3704 901 3741 esse
929 3687 1013 3740 solam
1044 3685 1203 3756 particulam
1233 3686 1344 3753 ‘quam'.

279 3773 475 3843 i‘Quaestiones
508 3777 697 3844 grammaticae
716 3779 749 3831 ad
774 3793 854 3831 usum
872 3778 962 3832 Plauti
987 3777 1157 3848 potissimum
1175 3781 1202 3832 et
1222 3777 1341 3831 Terentii
1442 3793 1443 3865 j

279 3867 436 3934 spectantes'
451 3867 570 3921 Berolini
591 3867 667 3926 1881.
687 3869 734 3923 cfr.
755 3868 880 3940 philolog.
899 3868 1065 3923 Rundschau
1083 3887 1105 3924 a.
1128 3869 1195 3924 1881
1209 3884 1266 3922 nro.
1285 3867 1340 3936 47).

281 3954 360 4021 Apud
375 3955 523 4011 Varronem
553 3959 660 4028 quidem
685 3960 784 4030 legitur
812 3961 909 4030 ‘quam’
933 3977 981 4028 pro
1010 3963 1098 4029 ‘quam
1122 3960 1169 4014 ut':
1195 3958 1248 4014 Sat.
1268 3957 1340 4013 Men.

279 4061 304 4112 p.
323 4045 383 4113 213,
402 4048 455 4102 573
475 4049 510 4120 (l)
530 4049 601 4118 [Rer.
615 4051 670 4106 div.
690 4071 714 4123 p.
735 4052 794 4122 206,
815 4053 849 4121 li.
893 4053 933 4106 De
951 4069 973 4110 r,
992 4052 1053 4120 r.I,
1079 4053 1119 4120 16,
1138 4053 1169 4118 43
1188 4049 1277 4119 ‘quam
1301 4051 1339 4104 ut'

277 4135 318 4189 De
337 4136 354 4194 l.
373 4137 390 4193 1.
410 4139 443 4208 V,
462 4141 478 4210 ξ
498 4142 558 4211 176,
577 4158 603 4210 p.
624 4143 689 4210 176;
708 4143 754 4210 VI,
773 4145 788 4213 ξ
807 4144 849 4214 67,
868 4161 894 4213 p.
914 4143 975 4202 243.
1013 4143 1053 4197 De
1071 4160 1093 4199 r.
1113 4161 1133 4199 r.
1152 4143 1173 4199 Ι.
1194 4146 1235 4210 16,
1255 4143 1280 4198 5.
1299 4142 1342 4197 De

278 4227 336 4282 rita
355 4246 414 4298 pop.
434 4247 500 4286 rom.
520 4250 545 4301 p.
564 4233 606 4299 39,
628 4235 669 4288 14.
