<?xml version="1.0" encoding="UTF-8"?>
<!DOCTYPE html PUBLIC "-//W3C//DTD XHTML 1.0 Transitional//EN"
    "http://www.w3.org/TR/xhtml1/DTD/xhtml1-transitional.dtd">
<html xmlns="http://www.w3.org/1999/xhtml" xml:lang="en" lang="en">
 <head>
  <title>
</title>
<meta http-equiv="Content-Type" content="text/html;charset=utf-8" />
  <meta name='ocr-system' content='tesseract 3.04.00' />
  <meta name='ocr-capabilities' content='ocr_page ocr_carea ocr_par ocr_line ocrx_word'/>
</head>
<body>
  <div class='ocr_page' id='page_1' title='image "./quaestionesvarr01reitgoog_0043.png"; bbox 0 0 2888 4854; ppageno 0'>
   <div class='ocr_carea' id='block_1_1' title="bbox 777 383 817 444">
    <p class='ocr_par' dir='ltr' id='par_1_1' title="bbox 777 383 817 444">
     <span class='ocr_line' id='line_1_1' title="bbox 777 383 817 444; baseline 0.05 -2"><span class='ocrx_word' id='word_1_1' title='bbox 777 383 817 444; x_wconf 79' lang='lat'>34</span> 
     </span>
    </p>
   </div>
   <div class='ocr_carea' id='block_1_2' title="bbox 254 565 1336 3498">
    <p class='ocr_par' dir='ltr' id='par_1_2' title="bbox 254 565 1336 3498">
     <span class='ocr_line' id='line_1_2' title="bbox 261 565 1333 646; baseline -0.001 -16"><span class='ocrx_word' id='word_1_2' title='bbox 261 568 351 646; x_wconf 70' lang='lat' dir='ltr'>ituit,</span> <span class='ocrx_word' id='word_1_3' title='bbox 375 567 431 630; x_wconf 91' lang='lat' dir='ltr'>ubi</span> <span class='ocrx_word' id='word_1_4' title='bbox 455 565 595 629; x_wconf 67' lang='lat' dir='ltr'>‘etenim&#39;</span> <span class='ocrx_word' id='word_1_5' title='bbox 621 567 773 632; x_wconf 78' lang='lat' dir='ltr'>censistit.</span> <span class='ocrx_word' id='word_1_6' title='bbox 798 587 871 630; x_wconf 82' lang='lat' dir='ltr'>cunr</span> <span class='ocrx_word' id='word_1_7' title='bbox 900 568 939 631; x_wconf 89' lang='lat' dir='ltr'>ad</span> <span class='ocrx_word' id='word_1_8' title='bbox 963 566 1181 631; x_wconf 88' lang='lat' dir='ltr'>confirmanda</span> <span class='ocrx_word' id='word_1_9' title='bbox 1209 572 1240 629; x_wconf 89' lang='lat' dir='ltr'>et</span> <span class='ocrx_word' id='word_1_10' title='bbox 1264 585 1333 629; x_wconf 84' lang='lat' dir='ltr'>ex-</span> 
     </span>
     <span class='ocr_line' id='line_1_3' title="bbox 261 675 1336 760; baseline -0.002 -21"><span class='ocrx_word' id='word_1_11' title='bbox 261 677 411 760; x_wconf 85' lang='lat' dir='ltr'>plicanda</span> <span class='ocrx_word' id='word_1_12' title='bbox 434 695 517 759; x_wconf 92' lang='lat' dir='ltr'>qnae</span> <span class='ocrx_word' id='word_1_13' title='bbox 541 675 736 758; x_wconf 89' lang='lat' dir='ltr'>praecedunt</span> <span class='ocrx_word' id='word_1_14' title='bbox 752 676 850 739; x_wconf 86' lang='lat' dir='ltr'>verba</span> <span class='ocrx_word' id='word_1_15' title='bbox 876 676 1073 740; x_wconf 72' lang='lat' dir='ltr'>‘nemoribus</span> <span class='ocrx_word' id='word_1_16' title='bbox 1090 675 1229 740; x_wconf 81' lang='lat' dir='ltr'>Naeviis&#39;</span> <span class='ocrx_word' id='word_1_17' title='bbox 1253 695 1336 758; x_wconf 91' lang='lat' dir='ltr'>per-</span> 
     </span>
     <span class='ocr_line' id='line_1_4' title="bbox 261 784 1334 869; baseline -0.002 -21"><span class='ocrx_word' id='word_1_18' title='bbox 261 788 368 860; x_wconf 72' lang='lat' dir='ltr'>tineat.</span> <span class='ocrx_word' id='word_1_19' title='bbox 393 785 459 848; x_wconf 75' lang='lat' dir='ltr'>‘sic&#39;</span> <span class='ocrx_word' id='word_1_20' title='bbox 483 785 669 867; x_wconf 73' lang='lat' dir='ltr'>particulam</span> <span class='ocrx_word' id='word_1_21' title='bbox 695 792 731 848; x_wconf 90' lang='lat' dir='ltr'>ut</span> <span class='ocrx_word' id='word_1_22' title='bbox 756 787 792 846; x_wconf 89' lang='lat' dir='ltr'>in</span> <span class='ocrx_word' id='word_1_23' title='bbox 816 786 906 849; x_wconf 87' lang='lat' dir='ltr'>initio</span> <span class='ocrx_word' id='word_1_24' title='bbox 929 788 1065 869; x_wconf 79' lang='lat' dir='ltr'>positam</span> <span class='ocrx_word' id='word_1_25' title='bbox 1088 784 1211 864; x_wconf 73' lang='lat' dir='ltr'>habeat</span> <span class='ocrx_word' id='word_1_26' title='bbox 1244 787 1334 847; x_wconf 88' lang='lat' dir='ltr'>ratio</span> 
     </span>
     <span class='ocr_line' id='line_1_5' title="bbox 261 895 1333 975; baseline 0.002 -20"><span class='ocrx_word' id='word_1_27' title='bbox 261 895 433 958; x_wconf 82' lang='lat' dir='ltr'>verberum</span> <span class='ocrx_word' id='word_1_28' title='bbox 461 899 639 958; x_wconf 76' lang='lat' dir='ltr'>structurae</span> <span class='ocrx_word' id='word_1_29' title='bbox 666 896 816 975; x_wconf 88' lang='lat' dir='ltr'>postulat.</span> <span class='ocrx_word' id='word_1_30' title='bbox 868 895 956 958; x_wconf 86' lang='lat' dir='ltr'>Haec</span> <span class='ocrx_word' id='word_1_31' title='bbox 989 897 1074 958; x_wconf 88' lang='lat' dir='ltr'>enim</span> <span class='ocrx_word' id='word_1_32' title='bbox 1110 901 1158 958; x_wconf 88' lang='lat' dir='ltr'>est</span> <span class='ocrx_word' id='word_1_33' title='bbox 1190 895 1253 974; x_wconf 76' lang='lat' dir='ltr'>lex,</span> <span class='ocrx_word' id='word_1_34' title='bbox 1293 903 1333 957; x_wconf 89' lang='lat' dir='ltr'>ut</span> 
     </span>
     <span class='ocr_line' id='line_1_6' title="bbox 261 1003 1332 1086; baseline 0 -20"><span class='ocrx_word' id='word_1_35' title='bbox 261 1004 478 1086; x_wconf 83' lang='lat' dir='ltr'>quodcunque</span> <span class='ocrx_word' id='word_1_36' title='bbox 514 1003 671 1068; x_wconf 87' lang='lat' dir='ltr'>enuntiati</span> <span class='ocrx_word' id='word_1_37' title='bbox 710 1003 847 1066; x_wconf 75' lang='lat' dir='ltr'>alicuius</span> <span class='ocrx_word' id='word_1_38' title='bbox 881 1005 1074 1068; x_wconf 70' lang='lat' dir='ltr'>vocabulum</span> <span class='ocrx_word' id='word_1_39' title='bbox 1103 1005 1246 1068; x_wconf 86' lang='lat' dir='ltr'>emnium</span> <span class='ocrx_word' id='word_1_40' title='bbox 1276 1012 1332 1067; x_wconf 89' lang='lat' dir='ltr'>est</span> 
     </span>
     <span class='ocr_line' id='line_1_7' title="bbox 261 1095 1331 1198; baseline -0.002 -22"><span class='ocrx_word' id='word_1_41' title='bbox 261 1133 387 1176; x_wconf 82' lang='lat' dir='ltr'>summo</span> <span class='ocrx_word' id='word_1_42' title='bbox 411 1123 545 1176; x_wconf 86' lang='lat' dir='ltr'>accentu</span> <span class='ocrx_word' id='word_1_43' title='bbox 570 1095 777 1178; x_wconf 80' lang='lat' dir='ltr'>efferendum</span> <span class='ocrx_word' id='word_1_44' title='bbox 814 1114 933 1196; x_wconf 83' lang='lat' dir='ltr'>insigni</span> <span class='ocrx_word' id='word_1_45' title='bbox 960 1135 1036 1198; x_wconf 89' lang='lat' dir='ltr'>prae</span> <span class='ocrx_word' id='word_1_46' title='bbox 1060 1115 1174 1177; x_wconf 89' lang='lat' dir='ltr'>ceteris</span> <span class='ocrx_word' id='word_1_47' title='bbox 1196 1115 1231 1175; x_wconf 92' lang='lat' dir='ltr'>in</span> <span class='ocrx_word' id='word_1_48' title='bbox 1254 1112 1331 1175; x_wconf 83' lang='lat' dir='ltr'>leco</span> 
     </span>
     <span class='ocr_line' id='line_1_8' title="bbox 260 1222 1330 1305; baseline 0 -21"><span class='ocrx_word' id='word_1_49' title='bbox 260 1242 374 1304; x_wconf 78' lang='lat' dir='ltr'>p0nas3</span> <span class='ocrx_word' id='word_1_50' title='bbox 401 1241 497 1305; x_wconf 78' lang='lat' dir='ltr'>quem</span> <span class='ocrx_word' id='word_1_51' title='bbox 512 1223 572 1285; x_wconf 88' lang='lat' dir='ltr'>hec</span> <span class='ocrx_word' id='word_1_52' title='bbox 589 1223 718 1304; x_wconf 91' lang='lat' dir='ltr'>quidem</span> <span class='ocrx_word' id='word_1_53' title='bbox 738 1222 809 1285; x_wconf 85' lang='lat' dir='ltr'>luco</span> <span class='ocrx_word' id='word_1_54' title='bbox 826 1223 976 1286; x_wconf 86' lang='lat' dir='ltr'>facillime</span> <span class='ocrx_word' id='word_1_55' title='bbox 994 1225 1149 1287; x_wconf 82' lang='lat' dir='ltr'>invenies.</span> <span class='ocrx_word' id='word_1_56' title='bbox 1194 1222 1330 1286; x_wconf 80' lang='lat' dir='ltr'>Etenim</span> 
     </span>
     <span class='ocr_line' id='line_1_9' title="bbox 260 1330 1331 1411; baseline 0 -17"><span class='ocrx_word' id='word_1_57' title='bbox 260 1334 344 1394; x_wconf 87' lang='lat' dir='ltr'>sieut</span> <span class='ocrx_word' id='word_1_58' title='bbox 367 1352 427 1395; x_wconf 88' lang='lat' dir='ltr'>nos</span> <span class='ocrx_word' id='word_1_59' title='bbox 452 1332 638 1411; x_wconf 65' lang='lat' dir='ltr'>dicerernua</span> <span class='ocrx_word' id='word_1_60' title='bbox 662 1352 750 1396; x_wconf 89' lang='lat' dir='ltr'>non:</span> <span class='ocrx_word' id='word_1_61' title='bbox 777 1333 874 1396; x_wconf 71' lang='lat' dir='ltr'>‘deun</span> <span class='ocrx_word' id='word_1_62' title='bbox 899 1333 949 1396; x_wconf 92' lang='lat' dir='ltr'>die</span> <span class='ocrx_word' id='word_1_63' title='bbox 973 1332 1047 1396; x_wconf 87' lang='lat' dir='ltr'>Orte</span> <span class='ocrx_word' id='word_1_64' title='bbox 1069 1381 1076 1396; x_wconf 88' lang='lat'>.</span> <span class='ocrx_word' id='word_1_65' title='bbox 1095 1383 1100 1396; x_wconf 93' lang='lat'>.</span> <span class='ocrx_word' id='word_1_66' title='bbox 1118 1333 1191 1396; x_wconf 93' lang='lat' dir='ltr'>sind</span> <span class='ocrx_word' id='word_1_67' title='bbox 1210 1351 1245 1394; x_wconf 93' lang='lat' dir='ltr'>so</span> <span class='ocrx_word' id='word_1_68' title='bbox 1269 1330 1331 1394; x_wconf 90' lang='lat' dir='ltr'>be-</span> 
     </span>
     <span class='ocr_line' id='line_1_10' title="bbox 260 1440 1327 1523; baseline 0 -21"><span class='ocrx_word' id='word_1_69' title='bbox 260 1440 384 1518; x_wconf 80' lang='lat' dir='ltr'>nannt&#39;,</span> <span class='ocrx_word' id='word_1_70' title='bbox 410 1441 483 1504; x_wconf 91' lang='lat' dir='ltr'>sed:</span> <span class='ocrx_word' id='word_1_71' title='bbox 518 1441 573 1504; x_wconf 74' lang='lat' dir='ltr'>‘so</span> <span class='ocrx_word' id='word_1_72' title='bbox 607 1442 747 1504; x_wconf 73' lang='lat' dir='ltr'>namlich</span> <span class='ocrx_word' id='word_1_73' title='bbox 781 1442 853 1505; x_wconf 86' lang='lat' dir='ltr'>sind</span> <span class='ocrx_word' id='word_1_74' title='bbox 887 1443 937 1505; x_wconf 90' lang='lat' dir='ltr'>die</span> <span class='ocrx_word' id='word_1_75' title='bbox 962 1442 1047 1523; x_wconf 78' lang='lat' dir='ltr'>Orte,</span> <span class='ocrx_word' id='word_1_76' title='bbox 1076 1462 1125 1505; x_wconf 85' lang='lat' dir='ltr'>wo</span> <span class='ocrx_word' id='word_1_77' title='bbox 1159 1441 1209 1504; x_wconf 93' lang='lat' dir='ltr'>die</span> <span class='ocrx_word' id='word_1_78' title='bbox 1232 1446 1327 1523; x_wconf 84' lang='lat' dir='ltr'>perta</span> 
     </span>
     <span class='ocr_line' id='line_1_11' title="bbox 258 1549 1330 1635; baseline 0.003 -25"><span class='ocrx_word' id='word_1_79' title='bbox 258 1550 344 1632; x_wconf 75' lang='lat' dir='ltr'>liegt,</span> <span class='ocrx_word' id='word_1_80' title='bbox 369 1549 535 1613; x_wconf 81' lang='lat' dir='ltr'>benannt&#39;:</span> <span class='ocrx_word' id='word_1_81' title='bbox 569 1552 614 1614; x_wconf 86' lang='lat' dir='ltr'>sic</span> <span class='ocrx_word' id='word_1_82' title='bbox 637 1553 713 1614; x_wconf 86' lang='lat' dir='ltr'>item</span> <span class='ocrx_word' id='word_1_83' title='bbox 737 1550 849 1614; x_wconf 86' lang='lat' dir='ltr'>Latine</span> <span class='ocrx_word' id='word_1_84' title='bbox 883 1552 944 1614; x_wconf 91' lang='lat' dir='ltr'>dici</span> <span class='ocrx_word' id='word_1_85' title='bbox 969 1557 1099 1635; x_wconf 89' lang='lat' dir='ltr'>oportet.</span> <span class='ocrx_word' id='word_1_86' title='bbox 1147 1551 1251 1627; x_wconf 79' lang='lat' dir='ltr'>Quare</span> <span class='ocrx_word' id='word_1_87' title='bbox 1274 1569 1330 1613; x_wconf 89' lang='lat' dir='ltr'>se·</span> 
     </span>
     <span class='ocr_line' id='line_1_12' title="bbox 259 1659 1329 1743; baseline 0.001 -22"><span class='ocrx_word' id='word_1_88' title='bbox 259 1660 371 1740; x_wconf 90' lang='lat' dir='ltr'>quitur</span> <span class='ocrx_word' id='word_1_89' title='bbox 392 1660 541 1741; x_wconf 80' lang='lat' dir='ltr'>primunr,</span> <span class='ocrx_word' id='word_1_90' title='bbox 565 1669 600 1721; x_wconf 90' lang='lat' dir='ltr'>ut</span> <span class='ocrx_word' id='word_1_91' title='bbox 625 1659 764 1724; x_wconf 69' lang='lat' dir='ltr'>‘etenim&#39;</span> <span class='ocrx_word' id='word_1_92' title='bbox 788 1663 943 1743; x_wconf 90' lang='lat' dir='ltr'>particula</span> <span class='ocrx_word' id='word_1_93' title='bbox 966 1682 1032 1724; x_wconf 87' lang='lat' dir='ltr'>non</span> <span class='ocrx_word' id='word_1_94' title='bbox 1056 1668 1140 1725; x_wconf 87' lang='lat' dir='ltr'>recte</span> <span class='ocrx_word' id='word_1_95' title='bbox 1157 1681 1191 1725; x_wconf 89' lang='lat' dir='ltr'>se</span> <span class='ocrx_word' id='word_1_96' title='bbox 1206 1659 1329 1723; x_wconf 87' lang='lat' dir='ltr'>habere</span> 
     </span>
     <span class='ocr_line' id='line_1_13' title="bbox 259 1769 1326 1854; baseline 0.003 -25"><span class='ocrx_word' id='word_1_97' title='bbox 259 1769 395 1832; x_wconf 90' lang='lat' dir='ltr'>dicenda</span> <span class='ocrx_word' id='word_1_98' title='bbox 427 1770 482 1846; x_wconf 78' lang='lat' dir='ltr'>sit3</span> <span class='ocrx_word' id='word_1_99' title='bbox 517 1777 586 1832; x_wconf 88' lang='lat' dir='ltr'>tum</span> <span class='ocrx_word' id='word_1_100' title='bbox 623 1781 659 1832; x_wconf 91' lang='lat' dir='ltr'>ut</span> <span class='ocrx_word' id='word_1_101' title='bbox 693 1771 841 1834; x_wconf 80' lang='lat' dir='ltr'>reculam</span> <span class='ocrx_word' id='word_1_102' title='bbox 880 1771 945 1834; x_wconf 75' lang='lat' dir='ltr'>‘sic&#39;</span> <span class='ocrx_word' id='word_1_103' title='bbox 987 1777 1044 1835; x_wconf 85' lang='lat' dir='ltr'>aut</span> <span class='ocrx_word' id='word_1_104' title='bbox 1074 1774 1178 1854; x_wconf 86' lang='lat' dir='ltr'>ipsam</span> <span class='ocrx_word' id='word_1_105' title='bbox 1209 1770 1326 1833; x_wconf 88' lang='lat' dir='ltr'>falsam</span> 
     </span>
     <span class='ocr_line' id='line_1_14' title="bbox 258 1879 1327 1963; baseline -0.002 -21"><span class='ocrx_word' id='word_1_106' title='bbox 258 1898 330 1942; x_wconf 88' lang='lat' dir='ltr'>esse</span> <span class='ocrx_word' id='word_1_107' title='bbox 353 1885 409 1941; x_wconf 89' lang='lat' dir='ltr'>aut</span> <span class='ocrx_word' id='word_1_108' title='bbox 432 1879 523 1941; x_wconf 89' lang='lat' dir='ltr'>aliter</span> <span class='ocrx_word' id='word_1_109' title='bbox 547 1899 583 1942; x_wconf 90' lang='lat' dir='ltr'>ac</span> <span class='ocrx_word' id='word_1_110' title='bbox 606 1882 793 1963; x_wconf 84' lang='lat' dir='ltr'>putarimus</span> <span class='ocrx_word' id='word_1_111' title='bbox 822 1881 1021 1944; x_wconf 85' lang='lat' dir='ltr'>referendam</span> <span class='ocrx_word' id='word_1_112' title='bbox 1052 1901 1122 1946; x_wconf 88' lang='lat' dir='ltr'>esse</span> <span class='ocrx_word' id='word_1_113' title='bbox 1146 1880 1327 1944; x_wconf 86' lang='lat' dir='ltr'>credamus.</span> 
     </span>
     <span class='ocr_line' id='line_1_15' title="bbox 258 1988 1325 2072; baseline 0.002 -24"><span class='ocrx_word' id='word_1_114' title='bbox 258 1990 306 2048; x_wconf 80' lang='lat' dir='ltr'>Ac</span> <span class='ocrx_word' id='word_1_115' title='bbox 340 1988 479 2069; x_wconf 85' lang='lat' dir='ltr'>primum</span> <span class='ocrx_word' id='word_1_116' title='bbox 514 1988 645 2072; x_wconf 88' lang='lat' dir='ltr'>quidem</span> <span class='ocrx_word' id='word_1_117' title='bbox 679 1991 772 2053; x_wconf 88' lang='lat' dir='ltr'>nobis</span> <span class='ocrx_word' id='word_1_118' title='bbox 805 1997 929 2055; x_wconf 83' lang='lat' dir='ltr'>constat</span> <span class='ocrx_word' id='word_1_119' title='bbox 962 1991 1102 2055; x_wconf 73' lang='lat' dir='ltr'>‘etenim&#39;</span> <span class='ocrx_word' id='word_1_120' title='bbox 1131 1989 1325 2053; x_wconf 87' lang='lat' dir='ltr'>mutandum</span> 
     </span>
     <span class='ocr_line' id='line_1_16' title="bbox 257 2097 1326 2183; baseline 0.001 -24"><span class='ocrx_word' id='word_1_121' title='bbox 257 2116 328 2159; x_wconf 83' lang='lat' dir='ltr'>esse</span> <span class='ocrx_word' id='word_1_122' title='bbox 351 2098 386 2159; x_wconf 91' lang='lat' dir='ltr'>in</span> <span class='ocrx_word' id='word_1_123' title='bbox 412 2097 467 2159; x_wconf 75' lang='lat' dir='ltr'>‘ita</span> <span class='ocrx_word' id='word_1_124' title='bbox 490 2097 598 2162; x_wconf 80' lang='lat' dir='ltr'>eninr&#39;.</span> <span class='ocrx_word' id='word_1_125' title='bbox 623 2098 690 2161; x_wconf 73' lang='lat' dir='ltr'>‘sic&#39;</span> <span class='ocrx_word' id='word_1_126' title='bbox 716 2119 790 2163; x_wconf 89' lang='lat' dir='ltr'>vere</span> <span class='ocrx_word' id='word_1_127' title='bbox 818 2102 1009 2183; x_wconf 81' lang='lat' dir='ltr'>particulam</span> <span class='ocrx_word' id='word_1_128' title='bbox 1038 2103 1065 2164; x_wconf 89' lang='lat' dir='ltr'>si</span> <span class='ocrx_word' id='word_1_129' title='bbox 1094 2103 1168 2183; x_wconf 92' lang='lat' dir='ltr'>quis</span> <span class='ocrx_word' id='word_1_130' title='bbox 1205 2100 1326 2162; x_wconf 80' lang='lat' dir='ltr'>dixerit</span> 
     </span>
     <span class='ocr_line' id='line_1_17' title="bbox 256 2207 1325 2293; baseline 0.002 -25"><span class='ocrx_word' id='word_1_131' title='bbox 256 2209 299 2269; x_wconf 84' lang='lat' dir='ltr'>ita</span> <span class='ocrx_word' id='word_1_132' title='bbox 332 2207 531 2272; x_wconf 77' lang='lat' dir='ltr'>referendam</span> <span class='ocrx_word' id='word_1_133' title='bbox 561 2228 639 2289; x_wconf 83' lang='lat' dir='ltr'>esse,</span> <span class='ocrx_word' id='word_1_134' title='bbox 676 2215 710 2271; x_wconf 88' lang='lat' dir='ltr'>ut</span> <span class='ocrx_word' id='word_1_135' title='bbox 737 2209 844 2273; x_wconf 90' lang='lat' dir='ltr'>verbis</span> <span class='ocrx_word' id='word_1_136' title='bbox 874 2231 957 2293; x_wconf 89' lang='lat' dir='ltr'>quae</span> <span class='ocrx_word' id='word_1_137' title='bbox 986 2217 1063 2274; x_wconf 89' lang='lat' dir='ltr'>sunt</span> <span class='ocrx_word' id='word_1_138' title='bbox 1100 2211 1228 2274; x_wconf 72' lang='lat' dir='ltr'>‘etenim</span> <span class='ocrx_word' id='word_1_139' title='bbox 1252 2209 1325 2271; x_wconf 90' lang='lat' dir='ltr'>loca</span> 
     </span>
     <span class='ocr_line' id='line_1_18' title="bbox 257 2316 1325 2401; baseline 0.002 -23"><span class='ocrx_word' id='word_1_140' title='bbox 257 2317 314 2378; x_wconf 86' lang='lat' dir='ltr'>nbi</span> <span class='ocrx_word' id='word_1_141' title='bbox 338 2316 385 2380; x_wconf 80' lang='lat' dir='ltr'>ea&#39;</span> <span class='ocrx_word' id='word_1_142' title='bbox 408 2319 441 2379; x_wconf 94' lang='lat' dir='ltr'>in</span> <span class='ocrx_word' id='word_1_143' title='bbox 467 2318 649 2400; x_wconf 88' lang='lat' dir='ltr'>parenthesi</span> <span class='ocrx_word' id='word_1_144' title='bbox 672 2319 795 2401; x_wconf 78' lang='lat' dir='ltr'>positia,</span> <span class='ocrx_word' id='word_1_145' title='bbox 825 2326 1003 2383; x_wconf 88' lang='lat' dir='ltr'>ceterorum</span> <span class='ocrx_word' id='word_1_146' title='bbox 1032 2320 1108 2382; x_wconf 91' lang='lat' dir='ltr'>haec</span> <span class='ocrx_word' id='word_1_147' title='bbox 1143 2320 1197 2382; x_wconf 89' lang='lat' dir='ltr'>fiat</span> <span class='ocrx_word' id='word_1_148' title='bbox 1237 2323 1325 2382; x_wconf 91' lang='lat' dir='ltr'>stru-</span> 
     </span>
     <span class='ocr_line' id='line_1_19' title="bbox 256 2425 1324 2512; baseline 0.002 -24"><span class='ocrx_word' id='word_1_149' title='bbox 256 2432 363 2488; x_wconf 85' lang='lat' dir='ltr'>ctura:</span> <span class='ocrx_word' id='word_1_150' title='bbox 390 2425 554 2509; x_wconf 73' lang='lat' dir='ltr'>‘Sequitur</span> <span class='ocrx_word' id='word_1_151' title='bbox 569 2432 659 2508; x_wconf 87' lang='lat' dir='ltr'>porta</span> <span class='ocrx_word' id='word_1_152' title='bbox 675 2427 807 2510; x_wconf 85' lang='lat' dir='ltr'>Naevia,</span> <span class='ocrx_word' id='word_1_153' title='bbox 832 2431 917 2512; x_wconf 87' lang='lat' dir='ltr'>quod</span> <span class='ocrx_word' id='word_1_154' title='bbox 936 2431 971 2491; x_wconf 90' lang='lat' dir='ltr'>in</span> <span class='ocrx_word' id='word_1_155' title='bbox 989 2429 1173 2492; x_wconf 81' lang='lat' dir='ltr'>nemoribus</span> <span class='ocrx_word' id='word_1_156' title='bbox 1189 2428 1324 2491; x_wconf 87' lang='lat' dir='ltr'>Naeviis</span> 
     </span>
     <span class='ocr_line' id='line_1_20' title="bbox 257 2536 1323 2619; baseline 0.003 -23"><span class='ocrx_word' id='word_1_157' title='bbox 257 2538 314 2603; x_wconf 76' lang='lat' dir='ltr'>lita</span> <span class='ocrx_word' id='word_1_158' title='bbox 350 2537 437 2597; x_wconf 86' lang='lat' dir='ltr'>eninr</span> <span class='ocrx_word' id='word_1_159' title='bbox 471 2536 548 2600; x_wconf 76' lang='lat' dir='ltr'>loca.</span> <span class='ocrx_word' id='word_1_160' title='bbox 585 2537 639 2598; x_wconf 90' lang='lat' dir='ltr'>nbi</span> <span class='ocrx_word' id='word_1_161' title='bbox 674 2548 731 2618; x_wconf 79' lang='lat' dir='ltr'>eal,</span> <span class='ocrx_word' id='word_1_162' title='bbox 767 2540 811 2602; x_wconf 90' lang='lat' dir='ltr'>sic</span> <span class='ocrx_word' id='word_1_163' title='bbox 847 2539 951 2619; x_wconf 80' lang='lat' dir='ltr'>dicta&#39;,</span> <span class='ocrx_word' id='word_1_164' title='bbox 988 2558 1100 2602; x_wconf 87' lang='lat' dir='ltr'>vereor</span> <span class='ocrx_word' id='word_1_165' title='bbox 1134 2557 1175 2601; x_wconf 92' lang='lat' dir='ltr'>ne</span> <span class='ocrx_word' id='word_1_166' title='bbox 1201 2538 1323 2600; x_wconf 89' lang='lat' dir='ltr'>iniuria</span> 
     </span>
     <span class='ocr_line' id='line_1_21' title="bbox 254 2636 1322 2732; baseline 0.004 -26"><span class='ocrx_word' id='word_1_167' title='bbox 254 2647 290 2706; x_wconf 93' lang='lat' dir='ltr'>in</span> <span class='ocrx_word' id='word_1_168' title='bbox 314 2646 411 2708; x_wconf 88' lang='lat' dir='ltr'>huius</span> <span class='ocrx_word' id='word_1_169' title='bbox 435 2636 612 2710; x_wconf 87' lang='lat' dir='ltr'>sententiae</span> <span class='ocrx_word' id='word_1_170' title='bbox 637 2647 791 2711; x_wconf 83' lang='lat' dir='ltr'>brevitate</span> <span class='ocrx_word' id='word_1_171' title='bbox 814 2650 1023 2732; x_wconf 84' lang='lat' dir='ltr'>parenthesin</span> <span class='ocrx_word' id='word_1_172' title='bbox 1054 2649 1197 2730; x_wconf 86' lang='lat' dir='ltr'>posuerit</span> <span class='ocrx_word' id='word_1_173' title='bbox 1225 2651 1322 2729; x_wconf 89' lang='lat' dir='ltr'>atque</span> 
     </span>
     <span class='ocr_line' id='line_1_22' title="bbox 256 2755 1322 2838; baseline 0.002 -22"><span class='ocrx_word' id='word_1_174' title='bbox 256 2755 399 2817; x_wconf 88' lang='lat' dir='ltr'>membra</span> <span class='ocrx_word' id='word_1_175' title='bbox 423 2757 492 2819; x_wconf 93' lang='lat' dir='ltr'>eius</span> <span class='ocrx_word' id='word_1_176' title='bbox 516 2757 653 2819; x_wconf 89' lang='lat' dir='ltr'>nimium</span> <span class='ocrx_word' id='word_1_177' title='bbox 677 2757 867 2822; x_wconf 83' lang='lat' dir='ltr'>distraxerit.</span> <span class='ocrx_word' id='word_1_178' title='bbox 918 2757 998 2820; x_wconf 86' lang='lat' dir='ltr'>Tum</span> <span class='ocrx_word' id='word_1_179' title='bbox 1028 2776 1103 2820; x_wconf 84' lang='lat' dir='ltr'>vere</span> <span class='ocrx_word' id='word_1_180' title='bbox 1133 2757 1322 2838; x_wconf 87' lang='lat' dir='ltr'>quaestione</span> 
     </span>
     <span class='ocr_line' id='line_1_23' title="bbox 259 2865 1319 2947; baseline 0.002 -22"><span class='ocrx_word' id='word_1_181' title='bbox 259 2865 298 2926; x_wconf 92' lang='lat' dir='ltr'>de</span> <span class='ocrx_word' id='word_1_182' title='bbox 322 2866 551 2947; x_wconf 86' lang='lat' dir='ltr'>particularum</span> <span class='ocrx_word' id='word_1_183' title='bbox 577 2865 644 2929; x_wconf 71' lang='lat' dir='ltr'>‘sin&#39;</span> <span class='ocrx_word' id='word_1_184' title='bbox 669 2872 700 2930; x_wconf 88' lang='lat' dir='ltr'>et</span> <span class='ocrx_word' id='word_1_185' title='bbox 724 2867 787 2928; x_wconf 69' lang='lat' dir='ltr'>‘ita’</span> <span class='ocrx_word' id='word_1_186' title='bbox 813 2888 875 2930; x_wconf 84' lang='lat' dir='ltr'>usu</span> <span class='ocrx_word' id='word_1_187' title='bbox 899 2869 1047 2930; x_wconf 87' lang='lat' dir='ltr'>instituta</span> <span class='ocrx_word' id='word_1_188' title='bbox 1070 2867 1190 2944; x_wconf 67' lang='lat' dir='ltr'>inveni,</span> <span class='ocrx_word' id='word_1_189' title='bbox 1223 2885 1319 2929; x_wconf 85' lang='lat' dir='ltr'>nsum</span> 
     </span>
     <span class='ocr_line' id='line_1_24' title="bbox 258 2975 1319 3058; baseline 0 -22"><span class='ocrx_word' id='word_1_190' title='bbox 258 2993 369 3037; x_wconf 89' lang='lat' dir='ltr'>earum</span> <span class='ocrx_word' id='word_1_191' title='bbox 393 2977 487 3038; x_wconf 89' lang='lat' dir='ltr'>certis</span> <span class='ocrx_word' id='word_1_192' title='bbox 512 2976 705 3057; x_wconf 81' lang='lat' dir='ltr'>quibusdam</span> <span class='ocrx_word' id='word_1_193' title='bbox 728 2975 847 3039; x_wconf 91' lang='lat' dir='ltr'>finibus</span> <span class='ocrx_word' id='word_1_194' title='bbox 877 2977 1131 3054; x_wconf 67' lang='lat' dir='ltr'>determinatum.</span> <span class='ocrx_word' id='word_1_195' title='bbox 1159 2994 1319 3058; x_wconf 87' lang='lat' dir='ltr'>perpauca</span> 
     </span>
     <span class='ocr_line' id='line_1_25' title="bbox 255 3084 1319 3168; baseline 0.004 -24"><span class='ocrx_word' id='word_1_196' title='bbox 255 3097 363 3148; x_wconf 87' lang='lat' dir='ltr'>autem</span> <span class='ocrx_word' id='word_1_197' title='bbox 387 3103 456 3147; x_wconf 86' lang='lat' dir='ltr'>csse</span> <span class='ocrx_word' id='word_1_198' title='bbox 481 3086 628 3168; x_wconf 82' lang='lat' dir='ltr'>exempla</span> <span class='ocrx_word' id='word_1_199' title='bbox 653 3085 709 3148; x_wconf 91' lang='lat' dir='ltr'>ubi</span> <span class='ocrx_word' id='word_1_200' title='bbox 733 3085 966 3168; x_wconf 82' lang='lat' dir='ltr'>significatione</span> <span class='ocrx_word' id='word_1_201' title='bbox 989 3087 1073 3148; x_wconf 91' lang='lat' dir='ltr'>inter</span> <span class='ocrx_word' id='word_1_202' title='bbox 1096 3105 1130 3149; x_wconf 93' lang='lat' dir='ltr'>se</span> <span class='ocrx_word' id='word_1_203' title='bbox 1146 3105 1211 3147; x_wconf 84' lang='lat' dir='ltr'>uon</span> <span class='ocrx_word' id='word_1_204' title='bbox 1232 3084 1319 3148; x_wconf 85' lang='lat' dir='ltr'>difle-</span> 
     </span>
     <span class='ocr_line' id='line_1_26' title="bbox 256 3192 1319 3277; baseline 0.002 -23"><span class='ocrx_word' id='word_1_205' title='bbox 256 3192 362 3255; x_wconf 86' lang='lat' dir='ltr'>rant.1l</span> <span class='ocrx_word' id='word_1_206' title='bbox 408 3194 520 3276; x_wconf 87' lang='lat' dir='ltr'>ltaque</span> <span class='ocrx_word' id='word_1_207' title='bbox 545 3215 619 3258; x_wconf 84' lang='lat' dir='ltr'>cunr</span> <span class='ocrx_word' id='word_1_208' title='bbox 646 3194 750 3259; x_wconf 90' lang='lat' dir='ltr'>verbis</span> <span class='ocrx_word' id='word_1_209' title='bbox 780 3215 861 3277; x_wconf 89' lang='lat' dir='ltr'>quae</span> <span class='ocrx_word' id='word_1_210' title='bbox 894 3207 970 3260; x_wconf 89' lang='lat' dir='ltr'>sunt</span> <span class='ocrx_word' id='word_1_211' title='bbox 998 3195 1089 3258; x_wconf 69' lang='lat' dir='ltr'>‘dico&#39;</span> <span class='ocrx_word' id='word_1_212' title='bbox 1120 3193 1265 3277; x_wconf 68' lang='lat' dir='ltr'>‘appello’</span> <span class='ocrx_word' id='word_1_213' title='bbox 1290 3200 1319 3257; x_wconf 85' lang='lat' dir='ltr'>et</span> 
     </span>
     <span class='ocr_line' id='line_1_27' title="bbox 255 3300 1319 3387; baseline 0.006 -23"><span class='ocrx_word' id='word_1_214' title='bbox 255 3300 416 3364; x_wconf 85' lang='lat' dir='ltr'>similibus</span> <span class='ocrx_word' id='word_1_215' title='bbox 452 3322 545 3385; x_wconf 82' lang='lat' dir='ltr'>saepe</span> <span class='ocrx_word' id='word_1_216' title='bbox 580 3305 786 3367; x_wconf 88' lang='lat' dir='ltr'>coniunctam</span> <span class='ocrx_word' id='word_1_217' title='bbox 818 3305 965 3368; x_wconf 90' lang='lat' dir='ltr'>videmus</span> <span class='ocrx_word' id='word_1_218' title='bbox 998 3305 1190 3387; x_wconf 87' lang='lat' dir='ltr'>particulam</span> <span class='ocrx_word' id='word_1_219' title='bbox 1219 3302 1319 3384; x_wconf 69' lang='lat' dir='ltr'>‘ita’‚2)</span> 
     </span>
     <span class='ocr_line' id='line_1_28' title="bbox 256 3411 1318 3498; baseline 0.004 -27"><span class='ocrx_word' id='word_1_220' title='bbox 256 3411 315 3472; x_wconf 84' lang='lat' dir='ltr'>linc</span> <span class='ocrx_word' id='word_1_221' title='bbox 340 3430 405 3472; x_wconf 88' lang='lat' dir='ltr'>uno</span> <span class='ocrx_word' id='word_1_222' title='bbox 428 3411 499 3474; x_wconf 87' lang='lat' dir='ltr'>luco</span> <span class='ocrx_word' id='word_1_223' title='bbox 524 3412 563 3473; x_wconf 87' lang='lat' dir='ltr'>dc</span> <span class='ocrx_word' id='word_1_224' title='bbox 587 3413 606 3473; x_wconf 94' lang='lat' dir='ltr'>l.</span> <span class='ocrx_word' id='word_1_225' title='bbox 631 3413 649 3476; x_wconf 89' lang='lat' dir='ltr'>l.</span> <span class='ocrx_word' id='word_1_226' title='bbox 679 3412 714 3492; x_wconf 76' lang='lat' dir='ltr'>V,</span> <span class='ocrx_word' id='word_1_227' title='bbox 738 3411 756 3498; x_wconf 84' lang='lat'>§</span> <span class='ocrx_word' id='word_1_228' title='bbox 778 3414 848 3483; x_wconf 80' lang='lat'>103,</span> <span class='ocrx_word' id='word_1_229' title='bbox 871 3435 898 3496; x_wconf 92' lang='lat' dir='ltr'>p.</span> <span class='ocrx_word' id='word_1_230' title='bbox 919 3411 1006 3479; x_wconf 75' lang='lat'>105³)</span> <span class='ocrx_word' id='word_1_231' title='bbox 1030 3415 1217 3498; x_wconf 86' lang='lat' dir='ltr'>particulam</span> <span class='ocrx_word' id='word_1_232' title='bbox 1243 3413 1318 3476; x_wconf 58' lang='lat' dir='ltr'>‘sicl</span> 
     </span>
    </p>
   </div>
   <div class='ocr_carea' id='block_1_3' title="bbox 255 3642 1318 4258">
    <p class='ocr_par' dir='ltr' id='par_1_3' title="bbox 365 3642 1318 3714">
     <span class='ocr_line' id='line_1_29' title="bbox 365 3642 1318 3714; baseline 0.003 -22"><span class='ocrx_word' id='word_1_233' title='bbox 365 3644 392 3708; x_wconf 88' lang='lat'>1)</span> <span class='ocrx_word' id='word_1_234' title='bbox 411 3642 450 3694; x_wconf 89' lang='lat' dir='ltr'>De</span> <span class='ocrx_word' id='word_1_235' title='bbox 469 3642 512 3694; x_wconf 79' lang='lat' dir='ltr'>liis</span> <span class='ocrx_word' id='word_1_236' title='bbox 531 3642 671 3709; x_wconf 86' lang='lat' dir='ltr'>particulis</span> <span class='ocrx_word' id='word_1_237' title='bbox 690 3645 874 3714; x_wconf 86' lang='lat' dir='ltr'>quaestionem</span> <span class='ocrx_word' id='word_1_238' title='bbox 894 3647 963 3700; x_wconf 86' lang='lat' dir='ltr'>infra</span> <span class='ocrx_word' id='word_1_239' title='bbox 989 3647 1141 3700; x_wconf 87' lang='lat' dir='ltr'>accuratius</span> <span class='ocrx_word' id='word_1_240' title='bbox 1172 3644 1318 3697; x_wconf 89' lang='lat' dir='ltr'>instituam.</span> 
     </span>
    </p>

    <p class='ocr_par' dir='ltr' id='par_1_4' title="bbox 255 3733 1318 4075">
     <span class='ocr_line' id='line_1_30' title="bbox 362 3733 1318 3806; baseline 0.004 -20"><span class='ocrx_word' id='word_1_241' title='bbox 362 3733 388 3802; x_wconf 81' lang='lat'>2)</span> <span class='ocrx_word' id='word_1_242' title='bbox 409 3735 455 3787; x_wconf 87' lang='lat' dir='ltr'>ct&#39;r.</span> <span class='ocrx_word' id='word_1_243' title='bbox 476 3734 508 3786; x_wconf 76' lang='lat' dir='ltr'>V.</span> <span class='ocrx_word' id='word_1_244' title='bbox 528 3736 544 3802; x_wconf 66' lang='grc' dir='ltr'>ξ</span> <span class='ocrx_word' id='word_1_245' title='bbox 564 3736 606 3789; x_wconf 89' lang='grc'>68.</span> <span class='ocrx_word' id='word_1_246' title='bbox 627 3753 650 3803; x_wconf 88' lang='lat' dir='ltr'>p.</span> <span class='ocrx_word' id='word_1_247' title='bbox 671 3739 716 3802; x_wconf 70' lang='lat'>733</span> <span class='ocrx_word' id='word_1_248' title='bbox 744 3738 821 3804; x_wconf 64' lang='lat'>596.</span> <span class='ocrx_word' id='word_1_249' title='bbox 841 3754 866 3804; x_wconf 90' lang='lat' dir='ltr'>p.</span> <span class='ocrx_word' id='word_1_250' title='bbox 885 3739 933 3800; x_wconf 73' lang='lat'>983</span> <span class='ocrx_word' id='word_1_251' title='bbox 965 3738 1191 3806; x_wconf 72' lang='lat' dir='ltr'>§105.p.108;</span> <span class='ocrx_word' id='word_1_252' title='bbox 1223 3737 1318 3804; x_wconf 70' lang='lat' dir='ltr'>§nt</span> 
     </span>
     <span class='ocr_line' id='line_1_31' title="bbox 256 3824 1318 3896; baseline 0.005 -20"><span class='ocrx_word' id='word_1_253' title='bbox 256 3843 280 3891; x_wconf 87' lang='lat' dir='ltr'>p.</span> <span class='ocrx_word' id='word_1_254' title='bbox 303 3826 367 3881; x_wconf 72' lang='lat'>1222</span> <span class='ocrx_word' id='word_1_255' title='bbox 399 3824 493 3892; x_wconf 71' lang='lat'>§122</span> <span class='ocrx_word' id='word_1_256' title='bbox 513 3842 539 3894; x_wconf 90' lang='lat' dir='ltr'>p.</span> <span class='ocrx_word' id='word_1_257' title='bbox 560 3826 624 3894; x_wconf 76' lang='lat' dir='ltr'>12t;</span> <span class='ocrx_word' id='word_1_258' title='bbox 657 3828 752 3896; x_wconf 64' lang='lat'>5175.</span> <span class='ocrx_word' id='word_1_259' title='bbox 775 3846 801 3896; x_wconf 89' lang='lat' dir='ltr'>p.</span> <span class='ocrx_word' id='word_1_260' title='bbox 822 3830 881 3886; x_wconf 74' lang='lat'>175.</span> <span class='ocrx_word' id='word_1_261' title='bbox 918 3829 978 3886; x_wconf 78' lang='lat' dir='ltr'>vu.</span> <span class='ocrx_word' id='word_1_262' title='bbox 998 3830 1014 3896; x_wconf 64' lang='grc' dir='ltr'><strong>ἓ</strong></span> <span class='ocrx_word' id='word_1_263' title='bbox 1033 3831 1075 3895; x_wconf 72' lang='lat'>20,</span> <span class='ocrx_word' id='word_1_264' title='bbox 1107 3830 1210 3896; x_wconf 57' lang='lat' dir='ltr'>penu</span> <span class='ocrx_word' id='word_1_265' title='bbox 1241 3829 1318 3896; x_wconf 63' lang='lat'>535,</span> 
     </span>
     <span class='ocr_line' id='line_1_32' title="bbox 256 3917 1318 3988; baseline 0.007 -19"><span class='ocrx_word' id='word_1_266' title='bbox 256 3933 281 3984; x_wconf 83' lang='lat' dir='ltr'>p.</span> <span class='ocrx_word' id='word_1_267' title='bbox 301 3917 366 3976; x_wconf 78' lang='lat'><strong>322;</strong></span> <span class='ocrx_word' id='word_1_268' title='bbox 401 3917 483 3982; x_wconf 63' lang='lat'><strong>§39-</strong></span> <span class='ocrx_word' id='word_1_269' title='bbox 512 3934 536 3984; x_wconf 92' lang='lat' dir='ltr'>p.</span> <span class='ocrx_word' id='word_1_270' title='bbox 561 3918 628 3974; x_wconf 79' lang='lat'>325:</span> <span class='ocrx_word' id='word_1_271' title='bbox 665 3918 714 3984; x_wconf 74' lang='lat' dir='ltr'>lx.</span> <span class='ocrx_word' id='word_1_272' title='bbox 742 3919 819 3986; x_wconf 63' lang='lat'>561,</span> <span class='ocrx_word' id='word_1_273' title='bbox 849 3937 873 3987; x_wconf 92' lang='lat' dir='ltr'>p.</span> <span class='ocrx_word' id='word_1_274' title='bbox 892 3921 945 3974; x_wconf 81' lang='lat'>500</span> <span class='ocrx_word' id='word_1_275' title='bbox 964 3923 1014 3974; x_wconf 81' lang='lat' dir='ltr'>etc.</span> <span class='ocrx_word' id='word_1_276' title='bbox 1043 3922 1076 3975; x_wconf 78' lang='lat' dir='ltr'>cl,</span> <span class='ocrx_word' id='word_1_277' title='bbox 1105 3922 1137 3973; x_wconf 82' lang='lat' dir='ltr'>de</span> <span class='ocrx_word' id='word_1_278' title='bbox 1165 3922 1222 3974; x_wconf 77' lang='lat' dir='ltr'>rita</span> <span class='ocrx_word' id='word_1_279' title='bbox 1250 3938 1274 3988; x_wconf 91' lang='lat' dir='ltr'>p.</span> <span class='ocrx_word' id='word_1_280' title='bbox 1297 3939 1318 3976; x_wconf 91' lang='lat' dir='ltr'>r.</span> 
     </span>
     <span class='ocr_line' id='line_1_33' title="bbox 255 4008 412 4075; baseline 0.038 -19"><span class='ocrx_word' id='word_1_281' title='bbox 255 4026 282 4075; x_wconf 79' lang='lat' dir='ltr'>p,</span> <span class='ocrx_word' id='word_1_282' title='bbox 307 4008 349 4068; x_wconf 66' lang='lat'>⁸28,</span> <span class='ocrx_word' id='word_1_283' title='bbox 367 4011 412 4062; x_wconf 84' lang='lat'>44.</span> 
     </span>
    </p>

    <p class='ocr_par' dir='ltr' id='par_1_5' title="bbox 256 4099 1316 4258">
     <span class='ocr_line' id='line_1_34' title="bbox 362 4099 1316 4172; baseline 0.008 -19"><span class='ocrx_word' id='word_1_284' title='bbox 362 4100 389 4168; x_wconf 84' lang='lat'>3)</span> <span class='ocrx_word' id='word_1_285' title='bbox 417 4099 461 4152; x_wconf 75' lang='lat' dir='ltr'>Sic</span> <span class='ocrx_word' id='word_1_286' title='bbox 486 4100 557 4152; x_wconf 82' lang='lat' dir='ltr'>enirn</span> <span class='ocrx_word' id='word_1_287' title='bbox 583 4101 687 4170; x_wconf 82' lang='lat' dir='ltr'>antiqui</span> <span class='ocrx_word' id='word_1_288' title='bbox 712 4103 806 4156; x_wconf 83' lang='lat' dir='ltr'>Graeci</span> <span class='ocrx_word' id='word_1_289' title='bbox 832 4104 879 4172; x_wconf 83' lang='lat' dir='ltr'>(sc.</span> <span class='ocrx_word' id='word_1_290' title='bbox 904 4102 1038 4169; x_wconf 87' lang='lat' dir='ltr'>dicebant)</span> <span class='ocrx_word' id='word_1_291' title='bbox 1065 4120 1143 4172; x_wconf 85' lang='lat' dir='ltr'>quarn</span> <span class='ocrx_word' id='word_1_292' title='bbox 1170 4123 1242 4160; x_wconf 87' lang='lat' dir='ltr'>nunc</span> <span class='ocrx_word' id='word_1_293' title='bbox 1264 4107 1316 4161; x_wconf 79' lang='lat' dir='ltr'>tra-</span> 
     </span>
     <span class='ocr_line' id='line_1_35' title="bbox 256 4191 391 4258; baseline -0.015 -14"><span class='ocrx_word' id='word_1_294' title='bbox 256 4191 391 4258; x_wconf 65' lang='lat' dir='ltr'>planant*</span> 
     </span>
    </p>
   </div>
   <div class='ocr_carea' id='block_1_4' title="bbox 0 0 1448 4854">
    <p class='ocr_par' dir='ltr' id='par_1_6' title="bbox 0 0 1448 4854">
     <span class='ocr_line' id='line_1_36' title="bbox 0 0 1448 4854; baseline 0 2"><span class='ocrx_word' id='word_1_295' title='bbox 0 0 1448 4854; x_wconf 95' lang='lat' dir='ltr'> </span> 
     </span>
    </p>
   </div>
  </div>
 </body>
</html>
