2888 4854
611 377 652 440 43

98 585 287 650 proponam,
311 566 345 626 in
368 545 465 627 rerbo
489 545 604 627 tradito
630 562 847 642 ‘redigeretur’
872 563 1056 627 delitescere
1093 571 1170 647 puto

97 675 294 758 particulam
319 673 419 754 ξ11111,
443 675 497 736 cui
530 692 587 756 ego
627 673 713 734 huno
750 673 859 735 loounr
901 674 1045 755 assigno:
1086 674 1168 737 ‘tum

99 785 169 848 dioi
191 784 225 846 id
248 785 282 846 in
307 783 462 866 populum
487 782 580 845 allter
603 801 638 844 ac
662 783 695 843 in
720 799 794 844 eum
820 783 877 864 qui
902 784 943 846 sit
973 783 1008 844 iu
1030 783 1170 865 populo’.

212 892 311 956 ‘Tum’
345 912 420 956 vero
458 892 615 975 particula
653 891 682 953 h.
706 891 725 952 l.
757 892 935 954 rectissime
972 893 1075 974 posita
1113 898 1168 956 est.

99 1002 186 1066 Nam
210 1003 269 1065 hac
292 1007 358 1064 tota
381 1003 554 1083 sententia,
576 1001 609 1063 id
634 1000 720 1082 quod
744 1001 902 1082 particula
926 1000 1046 1082 ‘quare’
1071 1003 1170 1084 signi·
1270 1076 1278 1088 ,

98 1111 226 1193 ficator,
249 1110 350 1174 Varro
376 1131 472 1193 quam
507 1113 542 1173 in
566 1111 584 1191 ξ
610 1110 637 1171 4.
667 1109 785 1172 fecerat
820 1109 1074 1192 dispositionem,
1098 1112 1170 1174 aliIs

99 1220 212 1284 verbis
242 1221 357 1303 repetit
383 1222 429 1283 ita
452 1225 490 1283 ut
513 1219 612 1282 verba
637 1219 757 1282 ‘utrum
782 1219 908 1282 dicatur
931 1221 1079 1303 analogia
1101 1239 1172 1284 esse

100 1351 159 1392 an·
177 1331 226 1393 uti
259 1330 413 1412 oportere’
436 1329 522 1392 idem
547 1328 730 1412 significent
755 1328 841 1409 quod
865 1348 964 1410 supra
987 1329 1094 1393 verbis
1119 1329 1170 1392 ‘de

100 1440 225 1522 copulis
259 1445 393 1503 naturae
426 1445 457 1503 et
489 1438 581 1502 usus'
607 1457 798 1520 expressum
834 1443 897 1512 est3
938 1439 1036 1502 verba
1060 1443 1170 1502 autem

103 1549 184 1612 ‘tum
209 1549 271 1611 dici
294 1550 327 1612 id
350 1551 385 1611 iu
409 1550 562 1632 populum
587 1547 688 1611 aliter'
713 1553 849 1629 atquae
873 1553 1055 1630 sequuntur
1070 1550 1171 1630 respi-

102 1661 190 1722 ciant
206 1658 246 1720 ad
263 1660 429 1741 superiora
443 1659 500 1721 illa
516 1677 598 1740 quae
618 1662 710 1721 erant
726 1656 777 1718 ‘de
797 1658 920 1738 copulis
935 1656 1169 1740 personarum’.

103 1765 206 1830 ‘Tum'
229 1768 331 1850 igitur
353 1785 479 1847 vocem,
501 1773 538 1830 ut
562 1787 628 1849 qua
659 1767 759 1830 altera
783 1767 1002 1849 dispositionis
1025 1787 1099 1850 pars
1122 1768 1171 1828 in-

100 1877 297 1958 troduoatur,
320 1877 350 1938 h.
373 1877 395 1939 l.
421 1877 619 1958 aptissimam
646 1896 715 1940 esse
741 1877 814 1958 quis
838 1874 979 1959 negetll)

211 1986 352 2056 Necesse
376 1992 434 2049 est
462 2005 536 2049 cum
564 1988 770 2050 coniunctivo
793 1987 935 2068 positum
956 1991 1005 2048 est
1027 1985 1075 2049 De
1098 2006 1122 2047 r.
1146 2005 1171 2047 r.

101 2094 144 2176 Η,
163 2096 191 2176 1,
208 2097 249 2157 24
263 2093 338 2174 (Qui
349 2101 439 2178 parat
454 2115 562 2178 pecus,
580 2113 711 2158 necesse
727 2101 774 2158 est
786 2097 961 2158 constituat
973 2087 1173 2175 1111111111),

101 2204 250 2268 inlibris
275 2205 313 2267 de
337 2207 355 2267 l.
379 2205 398 2268 l.
423 2201 641 2288 numqrram.2)

100 2442 224 2512 Spengel.
244 2442 353 2499 Emend.
374 2443 451 2496 Van.
470 2459 496 2510 p.
518 2443 571 2508 10.)
591 2457 644 2496 non
672 2443 762 2494 miuus
790 2441 863 2494 facili
893 2443 971 2498 modo
999 2443 1116 2510 reposui.
1138 2470 1168 2480 -

99 2538 144 2588 An
163 2536 298 2602 praestare
317 2533 367 2587 tibi
385 2534 493 2587 ridetur
510 2534 590 2588 lectio
609 2534 652 2587 ‘ad
674 2550 732 2588 earn
753 2533 871 2587 omnia'?

209 2626 235 2694 1)
254 2625 294 2678 De
312 2625 386 2678 'tum'
406 2625 539 2693 particula
557 2625 604 2678 cfr.
630 2624 678 2694 VI,
698 2628 713 2692 ᾗ
732 2627 767 2680 12
785 2642 811 2692 p.
831 2625 891 2680 104.
910 2626 943 2692 V,
963 2629 978 2695 ξ
1001 2627 1052 2681 131
1071 2643 1096 2694 p.
1117 2627 1169 2680 134

100 2720 147 2771 An
167 2717 228 2785 quis
246 2720 330 2786 putet,
353 2718 513 2770 servandam
536 2732 595 2770 esse
619 2717 745 2770 traditam
769 2733 864 2771 vocem
887 2712 957 2770 ‘dici’
978 2719 1070 2789 (quam
1088 2733 1171 2785 supra

98 2814 131 2864 ut
149 2810 219 2865 mala
237 2809 378 2878 repetitam
397 2807 480 2861 deleri
504 2807 588 2874 volui)
616 2824 647 2862 ac
672 2809 827 2863 mutandam
851 2809 879 2862 in
903 2805 991 2876 ‘daim'
1011 2812 1042 2862 ut
1066 2809 1171 2862 dicatur

52 2947 54 2952 ,
97 2897 171 2956 ‘dein
190 2902 275 2955 tum‘?'
304 2900 363 2966 Qua
382 2900 517 2954 locutione
534 2900 620 2953 Varro
644 2915 710 2954 usus
728 2904 768 2954 est
786 2901 833 2968 VI,
859 2902 926 2969 §42
950 2917 976 2968 p.
1002 2900 1069 2965 2213
1096 2900 1172 2969 VHI,

99 2998 114 3063 ξ
136 2995 170 3048 25
189 3012 214 3063 p.
234 2995 287 3048 410
306 2992 363 3062 (ubi
386 2993 418 3045 do
436 2987 504 3059 ‘post
529 2991 633 3045 deinde'
653 2991 799 3045 Muellerus
823 2992 915 3045 laudat
932 2991 1112 3045 Schraderum
1136 2992 1170 3044 ad

96 3087 196 3143 lustin.
233 3085 351 3139 Institut.
386 3085 408 3152 Ι,
429 3087 452 3152 1,
472 3087 496 3138 2.
515 3101 540 3152 p.
562 3083 605 3152 17)
630 3086 672 3137 sat
689 3083 760 3137 Iden.
778 3100 804 3151 p.
830 3083 890 3153 107,
913 3083 966 3137 402
984 3081 1071 3150 'porro
1089 3081 1169 3136 inde!

98 3178 147 3230 cfr.
167 3177 281 3231 Schocll.
300 3172 389 3246 ‘Legis
407 3176 463 3230 XII
481 3177 533 3232 tab.
552 3175 635 3243 1·eliq.'
655 3193 681 3242 p.
701 3175 761 3229 107.

205 3270 233 3338 2)
251 3269 432 3323 Accusativus
452 3285 512 3322 cunr
532 3269 579 3324 inl.
600 3268 734 3336 sequitur:
760 3267 800 3320 De
819 3284 839 3321 1'.
859 3283 880 3323 r.
899 3267 921 3334 I,
940 3265 983 3331 35,
1003 3263 1088 3330 1311,
1109 3265 1132 3331 1,
1152 3264 1169 3317 3

97 3360 176 3431 (bis);
196 3363 220 3428 1,
241 3362 282 3416 15.
304 3361 345 3414 De
364 3361 381 3417 l.
400 3359 418 3417 l.
437 3359 487 3426 IX,
506 3363 521 3428 ξ
540 3360 574 3414 30
593 3377 618 3426 p.
637 3361 699 3414 470.
717 3391 752 3398 -
769 3358 922 3412 infinitivus
939 3356 1039 3426 legitur
1056 3355 1096 3410 De
1114 3356 1132 3415 l.
1151 3356 1169 3411 l.

96 3453 135 3520 X,
156 3456 171 3520 ξ
191 3453 225 3507 16
244 3469 270 3519 p.
289 3453 356 3519 5533
375 3454 390 3519 ξ
409 3452 444 3505 30
462 3469 487 3520 p.
500 3453 561 3507 562.
597 3452 645 3519 VI,
664 3452 680 3521 ξ
699 3452 733 3505 30
752 3468 778 3519 p.
791 3452 857 3517 2103
876 3439 985 3518 VfflJg
1004 3451 1038 3503 32
1056 3465 1081 3516 p.
1101 3450 1170 3514 416,

98 3545 197 3614 581).
217 3546 278 3598 307.
299 3544 346 3597 cfr.
367 3543 417 3613 IX,
436 3544 452 3612 ξ
472 3544 505 3598 18
524 3561 548 3612 p.
574 3543 635 3599 468.
655 3575 689 3582 -
707 3542 780 3609 VIII,
800 3544 814 3610 ξ
834 3541 867 3594 28
886 3558 910 3608 p.
930 3541 991 3608 412,
1020 3541 1067 3609 qui
1094 3539 1171 3594 locus

93 3633 214 3686 traditus
232 3636 273 3687 est
291 3635 345 3688 sic:
376 3629 505 3698 ‘Accedit
532 3636 602 3703 quod
630 3649 813 3704 quaecumque
841 3649 907 3686 usos
935 3647 1016 3686 causa
1035 3631 1170 3685 advitam

94 3725 152 3777 sint
170 3727 316 3794 assumpta,
347 3727 376 3779 in
403 3727 446 3779 his
474 3744 527 3780 non
553 3726 699 3780 utilitatem
725 3741 851 3795 quaerere
873 3741 927 3778 non
955 3721 1167 3776 similitudinem'

95 3822 257 3891 Spengelius
275 3824 326 3878 hoo
360 3826 481 3878 annotat.
500 3816 593 3892 alifa,
616 3825 662 3878 alii
676 3816 710 3878 no
730 3824 894 3893 exhibentia
908 3839 960 3892 quo
972 3822 1037 3876 latet
1054 3820 1166 3873 uerbum

94 3914 155 3968 sive
173 3909 299 3968 ‘necesse'
314 3915 372 3968 siue
384 3914 526 3969 ‘volumus'
546 3917 591 3970 vel
608 3912 691 3971 ‘volt'
710 3933 763 3984 quo
781 3931 846 3968 usus
859 3917 1008 3969 commento
1020 3911 1171 3966 Muellerus

92 4006 124 4058 in
143 4009 271 4060 contextu
288 4007 380 4074 posuit
397 4007 477 4060 haec:
496 4002 625 4076 ‘Accedit
647 4009 726 4077 quod,
746 4023 930 4078 quaecmnque
949 4023 1015 4060 usus
1034 4022 1115 4060 causa
1133 4003 1169 4056 ad

93 4097 180 4151 rilem
201 4098 257 4151 sint
275 4099 422 4165 assumpta,
435 4099 464 4151 in
481 4099 526 4152 his
544 4115 654 4154 necesse
666 4099 812 4153 utititatem
825 4115 960 4168 quaerere,
973 4115 1027 4152 nou
1040 4096 1170 4151 similitu·

95 4189 206 4242 dinem'.
234 4189 307 4243 Beue
337 4190 461 4258 quidem;
491 4193 609 4246 sednon
627 4191 718 4244 minus
736 4192 803 4245 bene
822 4191 938 4245 coniciat
962 4189 1059 4258 aliquis
1078 4183 1121 4228 ‘-
1139 4189 1168 4241 in
