2888 4854
625 375 645 437 9

101 569 281 652 primume
305 565 396 628 libris
420 565 459 628 de
481 585 507 628 r.
523 585 547 626 r.
573 563 704 628 afferam
728 565 875 648 exempla
898 565 990 628 haee:
1015 565 1041 647 I,
1065 567 1117 648 48,
1132 566 1164 645 13

104 677 203 756 5943
230 675 270 756 ΙΙ,
292 674 388 759 praef.
413 673 441 738 5.
498 671 540 752 ΙΙ,
566 672 667 755 7,2;1)
690 673 750 756 ΠΙ,
774 676 803 754 9,
818 676 845 756 9,
878 674 916 738 (Ιθ
940 675 1059 757 quibus
1087 675 1167 740 locis

101 787 251 852 oodioum
274 784 364 848 nulla
387 788 437 847 θεῖ
460 783 658 867 disceptatim
684 789 716 848 at
738 785 772 846 in
796 803 833 848 eo
857 785 913 866 qui
937 789 985 848 est
1010 784 1053 866 ΙΙ,
1077 785 1166 866 4,1Ι)

102 895 218 964 <Prisci
241 913 370 980 quoque
385 891 491 956 Latini
507 899 539 956 et
554 895 649 957 etiam
667 891 790 966 Graeci)
807 893 980 957 delendum
997 891 1058 974 ‘et',
1082 891 1168 975 quod

105 1025 171 1090 non
195 1006 300 1070 estin
324 999 522 1084 codicibusq

210 1113 250 1178 In
273 1114 364 1177 libris
389 1113 470 1175 del.
493 1112 513 1174 Ι.
537 1113 620 1175 hano
642 1112 812 1176 formidem
845 1112 907 1175 sibi
930 1117 1057 1195 arrogat
1044 1112 1170 1175 tloous

105 1225 163 1307 qui
187 1229 235 1288 θεῖ
222 1223 298 1301 t,V
324 1222 442 1305 §122,
463 1242 493 1304 p.
521 1222 608 1284 128
600 1241 644 1286 rn
692 1220 745 1285 Sic
767 1223 852 1286 enim
878 1222 1018 1286 codices:

186 1333 309 1397 Pocula
332 1353 351 1395 a
373 1333 511 1416 potione,
534 1331 622 1394 unde
644 1330 739 1394 Potat
692 1333 865 1396 tatioete
866 1333 944 1425 tiam
967 1331 1091 1396 Postea

106 1444 192 1507 unde
214 1442 302 1506 haud
324 1442 418 1504 facile
450 1445 499 1504 est
525 1440 636 1524 pedem
666 1441 860 1505 inoffensum
884 1417 1009 1505 reterre.
1054 1439 1170 1522 ltaque

107 1573 219 1618 omnes
242 1552 308 1616 fere
332 1556 363 1614 et
386 1550 524 1613 editores
548 1555 579 1613 et
601 1551 790 1633 interpretes
805 1550 962 1615 Varronis
982 1548 1169 1614 oonieiendo

105 1666 203 1728 huius
221 1664 283 1727 loci
300 1660 504 1726 difficultates
520 1659 661 1741 levigare
678 1659 887 1740 studuerunt3
913 1661 1019 1724 sedin
1040 1657 1169 1742 ‘postea'

104 1779 232 1837 tantum
255 1769 414 1836 vocabulo
439 1768 636 1832 offendentes
659 1769 765 1833 levius
788 1770 876 1832 huno
899 1770 1006 1833 locum
1029 1770 1172 1852 tetigisse

106 1883 187 1946 mihi
210 1882 370 1946 videntur.
418 1877 498 1953 Quis
523 1879 609 1941 enim
633 1879 679 1941 ita
701 1879 855 1962 loquitur,
891 1886 928 1943 ut
951 1879 1050 1944 verba
1074 1897 1172 1962 quae-

107 1995 180 2056 dam
206 1992 349 2075 (³potatio
373 1997 405 2054 et
427 1987 561 2073 postea')
592 1990 733 2072 primum
769 1988 807 2051 ab
836 2009 903 2052 una
933 2009 1012 2054 voee
1037 1987 1171 2072 t‘potio')

107 2104 238 2183 derivet,
261 2101 376 2164 deindo
400 2118 465 2162 uno
490 2099 582 2181 quasi
614 2117 668 2162 ore
701 2099 836 2162 alterum
869 2100 1086 2182 veriloquium
1118 2098 1173 2160 ad-

103 2214 222 2295 Jungat
245 2212 307 2274 sio:
334 2209 435 2272 ‘Haeo
457 2213 593 2292 possunt
616 2228 634 2270 a
656 2208 762 2290 potol'
809 2208 900 2273 Certe
924 2209 963 2272 ad
980 2209 1172 2272 sententiam

108 2323 201 2406 pleno
225 2326 257 2384 et
280 2320 397 2384 diserte
420 2318 613 2382 efferendam
647 2319 785 2381 formula
818 2320 975 2404 quaedam
1000 2317 1174 2400 requiritur

109 2432 162 2494 vel
193 2431 352 2514 particula
384 2450 447 2512 qua
479 2430 615 2492 alterum
650 2429 866 2510 veriloquium
902 2434 973 2512 apte
1005 2427 1173 2490 adiciatur.

110 2539 216 2615 Quare
250 2541 370 2602 maiore
403 2541 585 2622 corruptela
608 2541 660 2603 rel
694 2541 791 2602 etiam
814 2538 930 2600 laouna
953 2538 1042 2600 huno
1063 2537 1173 2600 looum

44 2663 47 2670 ’
109 2652 318 2733 inquinatum
351 2667 422 2712 esse
455 2648 532 2710 mihi
560 2651 714 2732 persuasi.
760 2647 829 2712 Neo
863 2649 972 2710 minus
1002 2646 1174 2709 formulam

112 2761 154 2825 ‘et
184 2758 289 2822 etiam’
322 2757 427 2820 adhuc
454 2757 669 2820 indubitatam
702 2758 756 2820 hie
787 2777 853 2820 non
882 2762 968 2818 recte
1000 2773 1034 2818 se
1058 2754 1174 2818 habere

110 2877 198 2934 certa
221 2874 284 2933 stat
307 2868 387 2930 mihi
411 2868 583 2945 sententia;
608 2866 713 2930 Varro
726 2869 813 2930 enim
828 2869 862 2929 in
879 2868 929 2929 his
946 2865 984 2927 de
1007 2865 1027 2927 Ι.
1046 2864 1066 2929 Ι.
1084 2863 1174 2927 libris

112 2998 274 3061 nusquam
300 2977 376 3040 alibi
399 2997 469 3040 eam
493 2981 551 3040 aut
567 2997 663 3059 quam
679 2978 772 3040 aliam
790 2975 979 3039 huiusmodi
994 2972 1175 3053 formulam,

111 3097 148 3151 ut
170 3093 218 3152 est
242 3087 349 3169 ‘atque
372 3085 477 3150 etiam'
503 3086 640 3167 admisit,
673 3087 730 3149 sed
759 3086 876 3148 omissa
899 3084 1081 3166 copulativa
1103 3102 1175 3165 par·

111 3199 210 3260 tioula
234 3196 352 3260 ‘etiam’
377 3198 455 3260 satis
479 3215 548 3259 esse
571 3198 699 3279 putavit
722 3195 762 3258 ad
786 3195 918 3256 nomina
941 3194 1026 3255 inter
1058 3210 1092 3256 se
1124 3211 1175 3254 oo-

111 3306 278 3370 neotenda.
325 3305 483 3388 Exempla
506 3304 606 3369 habeo
629 3307 722 3370 haee:

218 3415 278 3497 IX,
301 3414 388 3496 §12,
416 3416 527 3498 p464
560 3415 724 3497 Miconos,
747 3413 864 3495 Dioris,
887 3414 1052 3493 Arimnae,
1080 3411 1177 3474 etiam

112 3545 313 3608 superiorum
319 3523 352 3607 3)
375 3525 434 3608 IX,
459 3526 536 3608 §18
539 3545 596 3607 ,p
615 3524 679 3586 468
703 3523 765 3587 Sic
786 3523 961 3607 populusf
960 3540 1049 3585 acere
1073 3520 1175 3601 debe,

114 3638 211 3699 etiam
236 3635 376 3720 singuli'.

220 3743 396 3809 Muellerus
420 3749 493 3807 ante
517 3742 583 3805 ‘sio'
607 3743 796 3827 particulam
827 3742 875 3806 ‘si'
908 3742 1092 3805 coniectura
1123 3738 1178 3801 ad-

113 3855 170 3936 dit,
193 3873 268 3919 eum
291 3856 457 3936 sententia,
492 3857 530 3917 ut
553 3854 604 3934 ait,
638 3853 714 3916 lioet
747 3857 830 3915 stare
858 3852 959 3934 possit
987 3853 1056 3914 sine
1079 3850 1177 3933 parti-

220 4013 247 4081 1)
268 4013 307 4064 De
325 4014 376 4066 hoe
394 4013 453 4068 loeo
472 4011 601 4067 disseruit
589 4009 795 4066 thahlleldt'l
816 4025 829 4062 e
859 4026 876 4076 p
904 4009 947 4062 20

238 4102 635 4172 )rHK01110p28

239 4190 1178 4262 )1HKe1l.o.p..29Ad.tGrohl....op54n332

221 4103 295 4155 2Ι

220 4193 237 4247 3
