2888 4854
787 294 826 357 10

271 487 345 550 cula
379 485 602 566 condicionali,
634 485 737 548 multo
770 479 875 549 tamen
911 485 1014 568 aptior
1046 485 1093 547 sio
1123 485 1354 568 exprimatur.

270 594 351 658 Mihi
376 595 506 678 quidem
530 613 596 656 non
620 599 701 678 apte,
724 595 781 658 sed
803 595 887 658 male
910 595 1090 658 correxisse
1113 591 1251 654 videtur.

377 723 520 787 Tertium
542 725 642 788 buius
653 726 781 807 generis
798 725 984 788 coniciendo
1004 726 1132 788 restitui
1148 724 1352 807 exemplum

270 831 330 914 IX,
354 833 463 916 ξ114,
486 855 516 917 p.
535 833 609 915 541,
641 835 680 898 de
716 855 780 919 quo
812 834 896 896 iufra
928 834 1106 919 disputabo,
1160 832 1229 896 Neo
1260 852 1352 896 vero

273 942 390 1006 desunt
412 945 447 1007 in
469 943 561 1007 libris
585 963 715 1027 quoque
749 945 788 1008 do
810 967 834 1009 r.
858 965 882 1007 r.
906 945 976 1025 loci,
1009 942 1067 1006 nbi
1091 942 1206 1006 ‘etiam’
1238 945 1350 1026 parti-

272 1053 345 1115 cula
369 1073 387 1115 a
410 1052 558 1117 Varrone
582 1054 693 1116 eadem
716 1055 839 1117 ratione
867 1053 1010 1117 adbibita
1037 1058 1094 1118 est.
1142 1051 1226 1116 Sunt
1251 1054 1349 1116 enim

377 1182 436 1264 ΙΙΙ,
462 1183 547 1264 12,1
574 1182 675 1269 (Oves
697 1183 792 1265 ferae,
824 1184 921 1247 etiam
947 1185 1008 1247 hoc
1030 1183 1147 1263 maius)
1180 1187 1211 1246 et
1239 1203 1347 1264 quem

270 1293 379 1356 locum
403 1311 420 1356 e
443 1291 541 1356 Keilii
574 1291 825 1376 emendationel)
854 1293 989 1378 profore,
1015 1292 1041 1375 Ι,
1061 1293 1102 1354 47
1133 1296 1227 1356 extr:
1262 1291 1346 1373 ‘quo

273 1407 304 1465 et
326 1421 425 1486 pecus
450 1423 468 1465 a
490 1409 581 1487 prato
605 1403 820 1487 ablegandum
845 1407 876 1467 et
899 1423 993 1466 omne
1015 1404 1208 1484 iumentum,
1240 1403 1346 1465 etiam

270 1511 459 1592 hominem’;
489 1532 573 1595 quae
597 1513 636 1576 ab
654 1513 830 1577 editoribus
854 1517 1023 1596 propagata
1040 1516 1117 1575 sunt
1141 1510 1257 1594 (veluti
1282 1511 1345 1574 ‘ao'
1396 1516 1399 1522 ’

272 1626 345 1684 ante
381 1620 500 1685 ‘etiam’
535 1623 687 1706 positam)
720 1621 870 1685 Iucuudo
906 1622 1073 1685 debentur.
1133 1621 1346 1704 Quamquam

271 1732 382 1814 paucis
408 1731 603 1814 quibusdam
636 1733 715 1795 locis
746 1733 826 1795 haec
857 1732 996 1795 formula
1029 1732 1137 1815 ‘atque
1161 1729 1269 1794 etiam’
1304 1733 1344 1793 in

272 1840 323 1904 his
345 1841 425 1924 ipsis
450 1841 489 1905 de
512 1863 537 1906 r.
562 1863 586 1904 r.
609 1842 701 1906 lib1is
734 1843 921 1906 ecodicum
957 1844 1148 1905 auctoritate
1180 1841 1343 1923 originem

273 1952 376 2034 duxit,
396 1956 432 2014 ut
454 1951 512 2034 ΙΙΙ,
530 1953 580 2032 12,
597 1954 630 2030 2;
650 1951 675 2032 Ι,
693 1954 721 2033 2,
742 1952 781 2013 17
790 1948 824 2031 32)
841 1971 859 2014 a
874 1950 967 2014 libris
983 1952 1022 2014 de
1037 1951 1056 2015 1.
1074 1951 1094 2013 l.
1111 1951 1190 2014 hoco
1206 1969 1342 2036 quoque

271 2061 409 2125 formula
433 2061 530 2125 abest.
547 2099 591 2107 —
615 2061 758 2126 Adhibet
778 2063 880 2145 igitur
903 2067 1012 2125 noster
1033 2063 1068 2124 in
1091 2061 1182 2123 libris
1207 2060 1245 2124 de
1268 2080 1295 2123 r.
1314 2080 1342 2122 r.

272 2173 461 2255 particulam
487 2171 604 2235 ‘etiam'
631 2172 806 2253 (valentem
830 2171 945 2252 ‘auch’,
968 2189 1033 2234 non
1059 2168 1184 2253 ‘sogar'l
1209 2173 1344 2233 etcum

273 2286 304 2343 et
328 2283 397 2344 sine
421 2282 613 2365 copulativa,
644 2281 792 2344 inlibris
822 2281 860 2344 de
883 2281 902 2344 l.
928 2281 948 2344 l.
977 2281 1158 2362 copulativa
1190 2278 1340 2342 abstinet.

274 2389 374 2452 Cuius
406 2393 453 2453 rei
486 2411 582 2455 causa
604 2392 684 2455 mibi
713 2392 943 2472 videturesse,
976 2390 1061 2472 quod
1084 2389 1175 2452 libris
1200 2389 1238 2452 de
1261 2408 1285 2452 r.
1312 2409 1339 2450 r.

274 2501 410 2582 scriptis,
441 2505 479 2563 ut
512 2503 568 2583 qui
592 2521 771 2565 sermonem
803 2502 986 2564 contineant
1015 2499 1166 2562 familiari
1199 2500 1340 2563 dictione

274 2605 429 2686 habitum,
450 2607 532 2672 illud
555 2611 788 2694 pleonastioum
812 2630 915 2693 genus
939 2610 1065 2673 dicendi
1098 2610 1239 2672 maxime
1263 2627 1340 2670 con-

157 2773 159 2778 .
273 2716 407 2778 veniens
431 2735 501 2781 esse
526 2717 744 2797 aestimabili)

382 2845 486 2910 Venio
509 2868 598 2911 nuno
622 2849 661 2911 ad
684 2850 884 2932 particulam,
916 2849 955 2912 de
989 2868 1053 2931 qua
1084 2867 1188 2934 nuper
1217 2846 1340 2910 Guilel-

380 3100 407 3167 1)
426 3099 443 3152 l.
462 3116 484 3154 o.
504 3118 528 3169 p.
544 3101 585 3156 29.

381 3192 407 3260 2)
427 3193 474 3246 cfr.
494 3193 547 3247 Sat.
566 3192 636 3249 Men.
656 3191 674 3246 l.
693 3208 716 3272 c.
736 3209 761 3259 p.
778 3192 837 3260 209,
857 3193 917 3248 534.

381 3283 408 3351 3)
426 3283 458 3335 In
476 3283 520 3336 his
538 3286 644 3336 tantum
660 3283 737 3336 libris
755 3283 854 3351 legitur
872 3279 963 3338 ‘etiam
983 3283 1105 3354 quoque’,
1133 3273 1209 3338 oelut
1226 3283 1248 3352 I,
1269 3285 1291 3351 1,
1306 3285 1335 3350 33

275 3373 355 3440 2,14.
376 3403 409 3412 -

381 3464 448 3518 Cum
467 3458 570 3532 ‘neque’
589 3464 722 3532 particula
741 3466 914 3521 coniunctum
933 3468 1064 3522 habemus
1082 3462 1180 3522 ‘etiam’
1208 3467 1238 3520 iu
1260 3465 1335 3519 libris

275 3559 308 3610 de
331 3557 349 3611 l.
368 3556 386 3610 l.
410 3557 493 3609 semel
520 3556 578 3625 (IX,
599 3559 613 3624 ς’
632 3558 673 3623 71,
697 3574 722 3625 p.
738 3559 809 3628 509),
839 3559 867 3612 in
889 3559 967 3613 libris
990 3560 1022 3612 de
1045 3576 1066 3617 r.
1086 3576 1107 3612 1¹.
1133 3562 1174 3614 bis
1198 3560 1229 3630 (I,
1249 3560 1332 3626 2,16;

273 3649 323 3718 III,
344 3649 385 3712 16,
399 3649 435 3717 6).
472 3648 532 3700 Huc
549 3665 603 3702 non
620 3650 737 3716 pertinet
748 3651 824 3704 locus
843 3652 889 3720 qui
908 3653 949 3705 est
967 3652 999 3704 de
1018 3668 1039 3705 1·.
1058 3667 1079 3709 r.
1098 3651 1119 3718 Ι,
1139 3653 1211 3718 65,1
1231 3645 1333 3721 (neque

274 3740 447 3810 etiamdum),
476 3741 602 3808 quoniam
629 3741 702 3794 idem
730 3741 803 3795 valet
825 3745 896 3810 quod
918 3746 1039 3798 nostrum
1062 3737 1127 3798 ‘und
1150 3744 1221 3797 noch
1242 3742 1331 3798 nicht'.

275 3830 322 3885 cfr.
346 3830 464 3900 Madvig.
493 3833 526 3884 ad
546 3832 601 3890 Cio.
627 3834 659 3886 de
678 3834 721 3886 fin,
742 3834 793 3902 (ed.
812 3834 859 3902 ΙΙ.)
883 3852 908 3903 p.
921 3834 974 3891 812
992 3853 1019 3888 n.
1039 3838 1063 3890 2.
1092 3866 1126 3873 -
1153 3829 1224 3889 ‘Nisi
1247 3833 1330 3887 etiam'

274 3939 328 3974 non
345 3921 445 3988 legitur
463 3923 516 3975 nisi
534 3925 567 3976 de
585 3924 604 3978 l.
622 3924 640 3979 l.
659 3925 692 3992 V,
712 3926 800 3994 §l]8,
819 3944 845 3995 p.
859 3916 921 3995 123,
938 3927 985 3980 ubi
1002 3928 1031 3980 in
1049 3927 1132 3981 altero
1150 3926 1227 3979 verbi
1247 3925 1351 4003 ouius,

277 4013 338 4065 dam
357 4013 507 4081 veriloquio
524 4015 614 4068 locum
634 4016 729 4084 habet3
748 4034 795 4087 pro
815 4036 868 4087 qua
886 4019 1000 4074 formula
1018 4019 1084 4074 alias
1102 4023 1149 4073 aut
1162 4018 1248 4072 solnm
1266 4011 1329 4070 ‘nisi'
1412 4029 1413 4032 ’

273 4107 320 4158 aut
338 4099 400 4158 ‘nisi
418 4105 515 4172 potius'
535 4106 684 4160 adhibitum
703 4125 761 4163 esse
780 4113 891 4167 constat.
1412 4101 1413 4108 ἵ
