2908 4846
808 368 850 445 62

400 575 451 637 Ad
476 575 608 636 alteram
633 573 748 636 deinde
771 573 943 664 formulam
968 592 1050 655 quae
1074 578 1122 636 cst
1146 572 1219 658 ‘quo
1236 609 1279 618 -
1295 573 1357 651 ου’,

294 689 330 747 ut
354 689 564 759 transeamus
598 683 765 745 enuntiata
796 683 857 746 hoc
891 682 985 746 modo
1008 681 1112 745 Varro
1143 685 1177 744 in
1200 681 1293 746 libris
1318 682 1358 746 dc

294 795 314 856 l.
337 793 356 856 l.
384 813 553 875 uunquam
576 792 662 855 inter
685 811 718 855 se
742 793 883 871 conexit3
915 791 1064 855 inlibris
1088 797 1194 855 autem
1219 792 1258 855 de
1280 813 1306 856 r.
1331 813 1357 854 r.

294 903 371 964 haec
394 901 533 964 formula
555 903 590 965 in
607 921 703 965 usum
719 902 831 965 venire
847 904 959 986 coepit,
983 902 1143 985 siquidem
1160 901 1239 964 hacc
1253 891 1357 984 pauca

294 1011 442 1094 exempla
474 1031 544 1074 earn
576 1012 765 1074 ostendunt:
805 1011 830 1092 1,
862 1013 948 1093 32,1
984 1011 1165 1074 ‘Arationes
1199 1059 1204 1073 .
1239 1060 1245 1073 .
1279 1059 1285 1072 .
1319 1030 1357 1073 ec

294 1121 545 1192 fructuosiores¹)
568 1119 690 1203 fiunt,¹)
716 1140 780 1202 quo
804 1121 954 1184 calidiore
977 1125 1060 1184 terra
1084 1115 1243 1198 aratur’.2)

402 1228 530 1293 Omissa
554 1235 601 1294 est
623 1229 780 1312 particula
809 1228 867 1292 ‘eo’
898 1230 930 1290 in
955 1227 1018 1290 his:
1052 1227 1185 1310 1,40‚4
1219 1229 1358 1312 ‘plantae

294 1339 399 1423 solum
423 1338 582 1420 stabilius,
606 1360 668 1422 quo
693 1339 789 1402 latius
814 1388 819 1400 .
845 1389 852 1403 .
877 1339 999 1401 radices
1023 1387 1029 1399 .
1056 1388 1062 1401 .
1087 1337 1193 1402 mittit’
1225 1337 1267 1418 ΙΙ,
1293 1339 1356 1419 3,3

294 1447 411 1512 <ovium
446 1463 556 1512 semen
588 1448 712 1512 tardius
745 1468 829 1529 esse,
866 1469 930 1531 quo
967 1449 1025 1510 hae
1051 1449 1116 1512 sint
1145 1448 1357 1531 placidiores.)

293 1557 535 1622 Restituendam
570 1577 640 1621 esse
678 1557 759 1621 hanc
795 1558 965 1621 formulam
1005 1576 1079 1620 curn
1114 1557 1232 1620 Ursino
1263 1562 1358 1640 putat

294 1665 510 1730 Schneiderus
542 1666 566 1747 Ι,
593 1667 652 1743 9,6
685 1667 743 1730 ubi
778 1669 918 1750 quaein
942 1657 1105 1730 codicibus
1130 1672 1177 1729 est
1200 1667 1358 1748 particula

296 1775 404 1858 ‘quod'
429 1776 506 1838 mihi
524 1797 542 1838 a
558 1779 675 1840 ceteris
692 1776 869 1840 editoribus
888 1783 973 1840 recte
990 1778 1120 1840 servata
1131 1794 1200 1839 esse
1218 1777 1357 1839 videtur.

295 1885 408 1967 Itaque
432 1904 490 1968 ego
513 1886 622 1948 locum
645 1889 690 1950 sic
713 1887 799 1969 lego:
825 1885 874 1949 ‘In
897 1887 1050 1950 mediocri
1073 1892 1165 1967 terra,
1188 1890 1226 1948 ut
1248 1887 1283 1948 in
1305 1885 1357 1947 Ti-

296 1995 391 2076 burti,
424 1995 510 2078 quod
533 1997 665 2078 propius
690 1997 811 2059 accedit
844 2000 880 2058 ut
907 2015 971 2059 non
996 1997 1037 2059 sit
1059 2014 1167 2058 macra
1199 2017 1296 2079 quam
1320 2003 1358 2060 ut

295 2106 337 2168 sit
359 2107 478 2186 ieiuna,
502 2123 539 2168 co
563 2106 604 2168 ad
627 2125 738 2170 omnes
761 2125 813 2170 res
836 2101 1078 2194 commodiore)

400 2214 463 2276 Hic
498 2215 575 2276 mihi
614 2215 708 2278 liceat
749 2234 996 2279 commemorare
1034 2215 1223 2298 particulam
1258 2217 1356 2300 adem

294 2299 377 2408 qua'e
400 2325 434 2386 in
457 2323 549 2386 libris
574 2324 612 2387 de
634 2345 658 2386 r.
682 2346 706 2387 r.
732 2327 827 2388 certis
852 2329 1005 2408 quattuor
1032 2325 1188 2407 exemplis
1212 2344 1358 2407 compro·
1446 2319 1447 2328 ’

294 2433 398 2514 batur,
420 2435 455 2495 in
477 2434 550 2514 illis,
574 2453 656 2516 quos
681 2435 719 2498 de
742 2435 762 2496 l.
785 2435 804 2496 l.
828 2433 993 2515 habemus,
1016 2435 1146 2497 omnino
1170 2453 1236 2497 non
1260 2439 1357 2497 extat.
1387 2415 1393 2436 ⁶

295 2541 451 2618 Quattuor
474 2548 581 2606 autem
606 2544 753 2626 exempla
770 2548 846 2606 sunt
868 2543 961 2636 bace:
986 2540 1011 2622 Ι,
1035 2542 1116 2622 40,1
1143 2544 1356 2625 (usqueadeo

293 2671 401 2734 parva,
426 2657 461 2714 ut
484 2653 549 2715 sint
572 2649 732 2730 obscuru);
768 2649 916 2732 11,4,11
951 2649 1020 2718 (sus
1053 2670 1156 2734 usque
1182 2651 1261 2715 adeo
1283 2653 1355 2735 pin-

293 2761 462 2844 guitudine
486 2781 627 2826 crescere
651 2764 739 2839 solet,
771 2766 808 2824 ut
839 2779 873 2824 se
902 2763 972 2843 ipsa
995 2765 1083 2823 stans
1106 2762 1264 2824 sustinere
1287 2779 1356 2824 non

295 2867 441 2952 possiet.)
486 2870 544 2952 111,
568 2871 629 2953 4,1
656 2873 777 2954 (Atque
801 2867 905 2950 adeo5)
937 2888 1002 2932 non
1033 2869 1243 2934 dissimulabo
1268 2871 1356 2954 quod

294 2979 375 3055 volo
394 2979 451 3042 de
479 2963 656 3044 ornithone
689 2978 856 3063 primum);
896 2979 944 3058 16‚
967 2981 1005 3042 31
1043 2982 1241 3062 (permanent
1275 2981 1355 3044 adeo

293 3089 439 3172 libenter,
462 3097 498 3153 ut
522 3140 527 3152 .
552 3095 560 3151 .’
584 3091 649 3153 sint
671 3084 884 3158 contentaesst.)

401 3198 597 3284 ssuamquam
632 3199 789 3282 particula
822 3200 857 3261 in
894 3196 986 3261 libris
1021 3197 1059 3260 de
1090 3199 1110 3260 l.
1144 3201 1164 3261 l.
1200 3219 1266 3262 non
1298 3219 1355 3262 ex-

294 3382 504 3390 u———-

401 3465 429 3534 1)
448 3461 619 3520 ‘fructuosior
637 3465 696 3519 fnit*
716 3466 772 3519 Pol.

400 3557 427 3627 2)
440 3555 549 3629 '‘arator'
572 3557 629 3611 Pol.

400 3649 428 3718 3)
447 3651 527 3717 Apud
546 3649 680 3719 Plautum,
699 3651 810 3705 fortusse
828 3649 900 3717 apud
919 3648 1071 3702 Terentium
1090 3663 1204 3716 quoque,
1223 3647 1289 3700 haec
1302 3647 1356 3700 for-

295 3739 369 3792 mula
386 3755 524 3808 nunquam
544 3742 688 3810 repetitum
713 3742 759 3797 cfr.
779 3741 890 3793 Petrum
908 3740 1026 3808 Langen.
1045 3739 1062 3792 1.
1077 3755 1100 3792 c.
1114 3755 1139 3806 p.
1153 3738 1214 3796 289.

400 3833 428 3898 4)
446 3831 550 3900 *Usque
569 3833 642 3888 adeo'
662 3850 679 3886 a
697 3832 819 3887 Cornelio
839 3833 942 3899 Nepote
960 3845 1102 3898 nusquam,
1122 3833 1217 3901 ‘usqne
1234 3829 1273 3885 eo'
1294 3830 1355 3899 plu-

294 3922 368 3975 ribus
386 3921 452 3976 locis
472 3923 575 3976 dictum
594 3933 661 3990 csse,
680 3923 864 3992 Nipperdeius
883 3921 975 3977 docuit
993 3937 1035 3989 op.
1054 3937 1080 3989 p.
1099 3922 1141 3976 63.

400 4014 428 4081 5)
448 4013 487 4067 De
506 4014 587 4082 hujus
605 4014 735 4068 formulae
754 4029 835 4068 sensu
853 4015 916 4068 vide
933 4013 1072 4066 Handinm
1091 4013 1108 4071 l.
1128 4029 1151 4071 c.
1170 4012 1192 4082 Ι,
1211 4029 1236 4080 p.
1256 4013 1309 4068 503
1327 4015 1355 4066 et

294 4105 462 4172 Langenium
480 4103 498 4158 l.
519 4121 541 4159 c.
560 4122 586 4172 p.
606 4106 667 4164 143,
735 4125 737 4130 ·
808 4103 811 4110 ’
1167 4120 1170 4124 ·

399 4197 426 4265 6)
446 4195 478 4249 In
497 4197 655 4265 fragmentis
673 4197 772 4266 legitur
794 4201 842 4252 sat.
862 4196 936 4252 Men.
956 4215 981 4266 p.
997 4198 1055 4265 193,
1068 4198 1129 4253 364.
