2888 4854
639 394 678 458 51

117 587 294 668 scripsisse
319 590 429 649 censet
454 585 515 648 ‘Ab
541 604 578 648 eo
601 587 741 668 pretium
766 586 883 648 dicitur
905 586 1012 668 locari,
1037 588 1122 670 quod
1140 571 1193 650 us·

116 714 189 776 que
212 695 298 758 idem
322 691 371 759 nl)
409 693 514 776 quoad
547 696 582 756 in
618 694 726 776 aliquo
762 695 921 772 consistit3
956 698 1095 777 pretium
1117 697 1193 760 inde

114 804 305 866 locarium.
326 803 343 865 .’
368 809 432 866 aut
454 803 495 868 (si
518 803 644 866 locandi
668 803 805 867 verbum
829 802 867 866 de
890 821 1046 885 praecone
1070 803 1191 867 dictum

115 914 263 976 voluerit
293 917 405 976 noster
431 933 449 975 a
476 914 546 976 loco
571 913 737 982 declinari)
772 912 822 974 ‘ab
858 931 895 976 eo
930 930 1045 994 praeco
1074 912 1193 976 dicitur

3 1027 4 1034 ’
114 1024 239 1100 locare,
266 1022 352 1105 quod
376 1023 414 1101 is,
434 1022 540 1103 quoad
556 1027 675 1084 emtum
693 1027 796 1102 vocat,
810 1023 846 1084 in
862 1021 925 1084 alto
944 1022 1014 1084 loco
1034 1023 1189 1085 consistit.

115 1131 269 1195 Pretium
293 1131 370 1194 inde
392 1131 548 1194 locarium
573 1180 579 1192 .
604 1181 610 1193 .
636 1131 654 1193 .'
684 1131 820 1194 alterum
842 1130 925 1193 illud
949 1149 1015 1193 non
1037 1130 1190 1214 intellige,

116 1260 199 1302 cum
224 1242 410 1324 praesertim
427 1241 600 1303 dictionem
624 1240 773 1323 ‘pretium
796 1239 911 1304 locare’
936 1244 1055 1303 certam
1079 1240 1190 1324 alege

114 1349 298 1412 formulam
327 1368 484 1413 essenon
508 1355 646 1426 constet3
683 1350 819 1412 alterum
844 1349 970 1412 silentio
993 1351 1190 1431 praetermit-

115 1459 258 1522 tendum
283 1458 420 1522 videtur.

232 1569 342 1630 Aliam
379 1568 530 1632 medendi
570 1569 655 1630 viam
696 1567 862 1649 multoque
901 1567 1076 1629 faciliorem
1117 1568 1190 1630 iniit

116 1675 334 1760 iladvicas2);
359 1679 524 1760 scripsisse
547 1679 631 1741 enim
657 1677 793 1740 coniecit
816 1676 995 1739 Varronem
1019 1677 1082 1739 sic:

348 1786 445 1868 ‘quod
469 1805 573 1869 usque
597 1786 705 1866 demit,
729 1785 834 1867 quoad
859 1837 865 1849 .
892 1782 935 1847 33}

239 1893 344 1970 Quam
367 1915 425 1978 ego
449 1896 619 1959 lectionem
642 1895 837 1959 reiciendum
861 1913 931 1958 esse
954 1902 1031 1977 puto
1048 1897 1188 1977 primum

120 2005 215 2087 quod
252 2005 401 2069 demendi
424 2004 559 2069 verbim
596 2006 649 2085 sic,
684 2010 721 2068 ut
743 2006 884 2087 positum
907 2010 974 2084 est,¹
997 2003 1079 2066 illud
1104 2005 1190 2086 quod

117 2114 197 2176 vult
219 2113 390 2177 Madvic'us
413 2115 520 2178 valere
545 2135 609 2176 non
632 2119 744 2197 potest.
791 2110 917 2175 Deinde
941 2131 1134 2195 magnopere
1151 2114 1190 2176 de

119 2243 159 2286 eo
188 2222 310 2305 dubito,
346 2224 431 2306 quod
463 2227 612 2307 quoniam
640 2224 680 2287 de
712 2223 792 2306 legis
815 2220 953 2283 formula
977 2220 1115 2302 quadam
1139 2221 1190 2284 hic

3 2371 4 2378 .
119 2335 242 2417 agitur,
266 2332 415 2397 demendi
439 2333 575 2396 verbum
599 2334 633 2395 in
657 2334 717 2395 hoc
741 2349 804 2394 usu
819 2331 942 2392 versari
965 2348 1030 2391 non
1047 2330 1188 2393 videtur:

118 2461 233 2525 neque
256 2445 343 2506 enim
366 2442 451 2524 apud
474 2438 683 2522 Brunsium4)
708 2459 814 2522 neque
838 2439 922 2522 apud
940 2437 1190 2503 Mommsenium

119 2554 151 2632 (l.
181 2553 228 2634 c),
251 2571 325 2615 cum
350 2552 388 2614 de
411 2549 624 2615 locationibus
649 2554 758 2634 agunt,
781 2557 841 2611 noc
863 2547 999 2611 verbum
1015 2549 1189 2612 invenitur.

233 2659 380 2744 Denique
392 2657 637 2744 Nipperdeius5)
654 2660 741 2722 hunc
757 2659 874 2722 hocum
891 2658 937 2720 sic
949 2658 1188 2721 emendandum

118 2788 197 2835 esse
221 2775 343 2834 censet:
747 2772 749 2776 ’

341 2877 417 2941 ‘Ubi
453 2878 597 2960 quidque
626 2878 775 2957 constitit,
809 2877 913 2940 locust
950 2876 990 2939 ab
1014 2894 1050 2938 eo
1074 2896 1188 2959 praeco

282 2988 400 3052 dicitur
421 2987 535 3067 locare,
560 2987 642 3070 quod
669 3006 775 3069 usque
800 2987 937 3050 demittit
961 2987 1066 3067 quoad
1082 2988 1189 3049 inali-

261 3115 343 3178 .qu0
368 3097 514 3160 consistit
536 3094 695 3178 pretium'.
876 3070 880 3086 ⁸

238 3203 402 3268 ‘Codicum
418 3205 504 3267 enim
520 3205 690 3268 lectionem
710 3204 796 3286 quod
807 3203 983 3267 Muellerus
1000 3201 1190 3264 (ioeschenii

122 3333 229 3378 suasu
252 3313 297 3376 ita
319 3314 466 3396 explicat,
490 3320 527 3377 ut
557 3333 747 3396 praeconem
781 3333 885 3377 emere
914 3313 977 3376 dici
1000 3315 1090 3394 putet
1114 3312 1189 3392 quia

121 3427 155 3486 is
179 3443 261 3507 opus
285 3429 370 3486 certa
392 3426 529 3507 pecunia
561 3421 788 3505 praestandum
811 3443 828 3484 a
857 3421 1106 3485 conductoribus
1130 3422 1190 3484 rei-

120 3621 339 3631 ...--.--——

236 3748 262 3817 1)
281 3765 295 3802 a
314 3748 443 3818 Scaligeri
462 3750 621 3805 coniectura.

236 3840 263 3906 2)
282 3840 352 3894 adv.
372 3840 431 3894 crit.
449 3840 485 3911 Π,
504 3857 530 3908 p.
550 3841 608 3895 167.

235 3931 263 3994 3,
281 3925 391 3984 ‘Praeco
410 3932 481 3985 enim
499 3932 529 3984 in
547 3931 660 3986 locando
678 3947 694 3984 a
713 3931 813 3984 maiore
831 3929 917 3996 pretio
936 3927 1083 3994 descendit,
1107 3929 1191 3981 donec

127 4023 162 4076 ad
184 4021 212 4074 id
232 4024 391 4089 perventum
410 4027 458 4090 est7
477 4039 529 4092 quo
549 4023 609 4092 quis
628 4022 777 4076 conducere
796 4019 877 4074 relit’.

235 4111 262 4180 4)
281 4111 426 4167 Font'iur.
445 4111 521 4169 Rom.
541 4130 565 4180 p.
585 4113 637 4168 210
658 4113 711 4184 (ed.
730 4111 789 4180 IV).

236 4203 265 4272 5)
284 4201 381 4270 Opusc.
400 4220 425 4271 p.
445 4204 487 4260 63.
