2908 4846
796 385 836 448 92

404 569 506 644 Quem
530 571 637 633 locum
661 571 813 654 permulti
836 572 1023 634 coniciendo
1053 579 1261 648 vexaverunt.
1307 574 1359 636 Ao
1442 563 1443 614 ἶ

296 680 437 761 primum
462 679 591 762 quidem
620 679 718 742 verba
754 699 837 762 quae
873 684 949 743 sunt
973 680 1079 743 ‘Terra
1114 682 1198 763 sive',
1231 688 1360 766 praeter
1442 689 1443 730 ἑ

296 786 517 850 Florentinum
542 789 684 852 codicem
704 793 734 853 et
749 788 971 852 Havniensem
990 791 1087 853 ceteri
1104 809 1214 854 omnes
1231 791 1358 854 codices
1442 825 1443 852 r

297 897 499 981 editoresque
522 897 651 980 plurimi
675 900 864 979 omiserunt3
895 898 1086 983 Spengelius
1109 901 1264 963 mutanda
1287 919 1360 963 esse
1442 901 1443 908 ’

295 1008 434 1070 coniecit
455 1009 490 1071 in
515 1006 619 1074 ‘Terra
643 1009 711 1071 sine
735 1008 786 1071 vi’.
833 1009 866 1074 O.
885 1008 921 1072 Ο.
938 1007 1114 1072 Muellerus
1138 1009 1298 1073 ‘lacunam
1321 1014 1359 1072 in
1442 1089 1443 1100 ἶ

296 1117 386 1180 nullo
418 1118 526 1182 codice
558 1116 772 1199 significatam
802 1117 957 1181 statuens'
982 1119 1167 1182 coniciendo
1196 1120 1360 1203 supplevit

297 1226 356 1288 sio:
395 1225 586 1289 ‘Humidum
611 1233 641 1290 et
664 1227 818 1310 frigidum
841 1235 924 1291 terra
949 1227 1065 1308 [eaque
1088 1246 1214 1311 coran,
1248 1228 1360 1292 caldor

294 1336 377 1397 caeli
409 1339 441 1398 et
471 1336 547 1399 inde
579 1335 707 1419 animal,
740 1339 807 1400 sive
836 1387 842 1398 .
867 1387 873 1399 .
898 1336 915 1398 .'
961 1336 1030 1417 Ego
1063 1337 1120 1399 has
1155 1339 1359 1402 coniecturas
1442 1336 1443 1360 ¹

295 1444 430 1526 reprobo
455 1446 561 1529 adque
584 1447 732 1509 codicum
748 1445 917 1508 lectionem
932 1451 1081 1508 revertor.
1127 1445 1210 1509 Nam
1229 1448 1360 1528 rigescit
1442 1529 1443 1538 ἵ

295 1553 351 1614 illa
375 1555 505 1636 quidem
528 1556 693 1638 particula,
728 1557 846 1639 quippe
875 1574 957 1638 quae
981 1575 1046 1618 non
1070 1555 1110 1618 ad
1133 1560 1235 1618 totum
1257 1555 1360 1618 Ennii
1442 1577 1443 1635 ς

294 1661 400 1725 locum
427 1664 482 1726 sed
506 1665 546 1726 ad
569 1684 607 1727 ea
629 1667 832 1748 potissimum
855 1663 954 1726 verba
987 1667 1145 1748 pertineat
1173 1684 1256 1746 quae
1280 1671 1360 1728 sunt
1442 1643 1443 1670 ³

240 1838 244 1846 ,
298 1771 397 1836 ‘venit
421 1773 575 1836 divinitus
598 1775 695 1857 pullis
711 1775 786 1857 Ipsa
809 1774 936 1837 anima'.
983 1777 1134 1838 Attamen
1158 1793 1217 1857 ego
1241 1794 1307 1837 non
1322 1776 1356 1836 in

294 1883 453 1964 particula
477 1883 611 1963 offendo,
637 1884 692 1946 sed
715 1885 750 1944 in
766 1883 921 1946 laudandi
940 1885 1074 1966 ratione,
1098 1885 1183 1966 quod
1201 1889 1232 1948 et
1246 1903 1357 1947 neces·
1442 1967 1443 1976 ἵ

294 1993 380 2053 saria
403 1998 434 2055 et
456 1994 585 2056 inutilia
608 1994 659 2056 hio
684 2013 702 2054 a
729 1991 871 2055 Varrone
895 1992 1081 2056 afferuntur.
1442 2059 1443 2083 p

403 2101 488 2182 §33
512 2125 541 2187 p.
567 2105 607 2165 35
639 2103 675 2165 in
705 2102 869 2165 codicibus
902 2103 961 2165 sic:
1006 2101 1175 2176 ‘Quocirca
1209 2101 1358 2167 Gabinus
1442 2139 1443 2183 q

294 2230 359 2292 quo
384 2213 451 2275 sive
474 2211 675 2296 peregrinus'
700 2231 784 2294 quae
808 2210 906 2275 verba
929 2210 1110 2294 Scaligerus
1141 2213 1359 2296 pulcherrima
1442 2219 1443 2270 Ἰ

296 2323 480 2384 coniectura
503 2324 642 2386 rest'tuit
665 2323 725 2385 sio:
752 2319 919 2395 ‘Quocirca
943 2319 1089 2384 Gabinus
1114 2341 1243 2404 quoque
1266 2341 1358 2404 pere·
1442 2325 1443 2388 l

294 2429 428 2510 grinus'.
476 2431 666 2514 Spengelius
692 2432 811 2493 mirum
837 2449 914 2494 sane
943 2430 1053 2494 deesse
1073 2431 1230 2514 quaedam
1250 2433 1357 2514 suspi-
1442 2495 1443 2516 1

294 2543 395 2620 catur,
434 2542 498 2604 nisi
532 2540 610 2603 forte
643 2539 798 2602 ‘Gabinus
831 2541 898 2602 sive
930 2539 1012 2621 quo'.
1059 2538 1090 2602 C.
1116 2539 1151 2604 Ο.
1179 2539 1357 2604 Muellerus

297 2667 383 2712 unus
408 2668 449 2712 ex
473 2649 649 2713 editoribus
673 2648 826 2731 Scaligeri
847 2648 953 2710 lucem
978 2655 1108 2713 secutus
1133 2655 1189 2716 est.

403 2758 509 2839 §ror
538 2780 567 2842 p.
595 2760 656 2821 ror
690 2759 815 2822 cocras
847 2757 999 2822 exhibant
1032 2760 1123 2822 naec:
1161 2757 1357 2841 ‘Argiletum
1442 2741 1443 2772 ³

293 2873 371 2930 sunt
395 2869 450 2950 qui
474 2872 673 2952 scripserunt
689 2869 728 2931 ab
745 2867 892 2952 Argolall
916 2888 973 2932 seu
989 2869 1075 2953 quod
1099 2870 1126 2932 is
1149 2869 1214 2931 huc
1231 2869 1358 2930 venerit
1442 2871 1443 2890 ¹

294 2976 406 3059 ibique
430 2980 471 3041 sit
495 2979 653 3061 sepultus;
691 2979 745 3041 alii
781 2977 819 3040 ab
855 2979 974 3062 argilla,
1010 2978 1095 3061 quod
1122 2966 1169 3040 ibi
1189 2976 1224 3038 id
1250 2995 1356 3060 genus
1442 2995 1443 3060 ᾗ

292 3085 418 3150 terrae’
1442 3069 1443 3078 ἵ

403 3195 455 3259 Sic
482 3197 685 3280 Spengelius3
722 3203 754 3260 at
782 3196 813 3259 O.
838 3196 873 3259 Ο.
897 3193 1098 3275 Muellerus2)
1132 3195 1167 3256 in
1202 3199 1358 3258 contextu

295 3305 405 3368 babet:
431 3305 481 3368 ‘ab
501 3306 622 3388 Argola
645 3324 702 3368 seu
724 3307 852 3390 Agrola,
875 3305 972 3389 quod'
998 3343 1038 3351 -
1064 3323 1163 3388 quam
1185 3303 1357 3366 lectionem

296 3433 355 3476 nos
380 3434 455 3478 oum
480 3412 511 3476 C.
528 3412 562 3478 F.
584 3413 633 3477 W.
650 3414 804 3480 Muellero
820 3415 1042 3499 repudiamus:
1067 3433 1246 3497 numquam
1269 3414 1355 3476 enim

295 3524 382 3606 apud
404 3530 553 3588 nostrum
578 3523 667 3587 ‘sive’
699 3511 786 3588 idem¹
817 3524 902 3586 valet
933 3525 1020 3607 quod
1040 3517 1125 3588 ‘vel’.
1173 3521 1236 3586 Sed
1269 3522 1357 3604 quod

294 3633 363 3716 ipse
386 3632 438 3694 hic
460 3631 637 3698 Muellerus
672 3634 771 3698 credit
805 3634 937 3696 alteram
972 3633 1131 3698 excidisse
1155 3632 1356 3713 sententiam,

294 3762 380 3824 quae
403 3743 443 3806 ab
466 3744 584 3807 iisdem
606 3743 770 3826 particulis
791 3735 862 3806 ‘seu
887 3742 984 3825 quod’
1007 3743 1172 3824 inciperet,
1195 3742 1273 3804 mihi
1289 3761 1356 3804 non
1442 3725 1443 3764 ³

293 3851 457 3933 probabile
481 3854 617 3916 ridetur.
666 3851 812 3914 Primum
847 3854 933 3915 enim
967 3852 1070 3914 forma
1098 3869 1181 3934 quae
1204 3841 1355 3924 est‘seu’

403 4119 427 4183 l)
446 4116 503 4169 cod.
522 4115 557 4170 H.
576 4113 682 4184 ‘Arglo'.
919 4155 921 4159 Α

400 4208 427 4278 2)
447 4207 572 4278 Vestigia
588 4207 687 4277 pressit
704 4205 835 4276 Scaligeri
853 4205 998 4260 scribentis
1016 4200 1127 4275 (Argula
1146 4221 1195 4259 seu
1214 4203 1301 4274 Argo’.
