2888 4854
766 331 806 394 16

254 521 334 584 mihi
358 539 423 583 non
447 525 532 584 recte
560 520 674 584 fecisse
706 521 850 584 videtur:
884 522 919 584 in
950 521 1200 603 corruptissimis
1232 522 1327 584 enim

254 630 306 693 1111
326 629 365 692 de
388 649 413 691 r.
435 649 459 691 r.
483 628 574 692 libris
598 629 704 692 locum
728 650 785 712 pro
802 649 836 694 se
853 648 1014 713 quemque
1029 629 1233 693 tractandum
1249 649 1328 694 esse

256 757 379 802 consec.
430 736 521 813 Quod
538 757 596 821 ego
613 756 701 800 nuno
723 738 850 818 faciam,
876 744 972 821 atque
994 740 1135 823 primum
1160 738 1199 803 de
1215 738 1330 802 tribus

254 845 306 910 his
328 847 407 910 locis
431 847 596 928 disseram,
619 847 676 910 ubi
700 849 919 911 Grossmanno
945 847 1053 912 ‘causa
1086 867 1153 911 non
1178 867 1248 912 esse
1272 849 1325 910 vi-

256 957 357 1037 detur,
380 976 438 1019 cur
462 957 598 1020 editores
620 958 809 1041 particulam
832 958 1014 1040 pronomini
1037 958 1170 1020 relativo
1195 959 1325 1041 opposi-

255 1070 320 1130 tam
343 1067 521 1146 reiecerint,
544 1068 732 1150 praesertim
757 1067 885 1149 quidem
909 1085 983 1129 cum
1013 1066 1162 1130 omnibus
1185 1068 1263 1132 locis
1289 1073 1324 1130 et

255 1176 382 1240 codices
406 1176 463 1239 has
485 1176 638 1240 lectiones
662 1175 836 1260 praebeant
860 1180 890 1238 et
923 1175 1031 1239 verbis
1063 1175 1203 1240 claruet
1235 1176 1323 1239 bona

256 1284 434 1349 subiciatur
450 1284 626 1350 sententia'.
662 1284 725 1360 Qui
742 1287 805 1349 loci
821 1291 898 1348 sunt
912 1284 963 1347 ΠΙ
988 1286 1016 1367 l,
1041 1285 1075 1366 63
1103 1286 1131 1366 l,
1156 1286 1190 1364 73
1217 1285 1266 1366 16,
1289 1282 1325 1350 5..

362 1394 388 1458 E
414 1395 531 1477 quibus
561 1396 615 1459 ille
640 1397 696 1478 qui
719 1402 767 1458 est
796 1395 847 1458 ΙΙΙ
873 1395 943 1476 7,6
977 1396 1012 1457 in
1045 1395 1239 1458 editionibus
1272 1397 1328 1458 sic·

253 1504 385 1586 legitur:
412 1503 503 1568 ‘item
528 1524 609 1585 quae
632 1505 735 1568 foetae
758 1510 843 1586 sunt,
864 1507 900 1568 in
924 1509 1046 1568 certum
1063 1505 1170 1567 locum
1194 1508 1231 1567 ut
1254 1505 1320 1567 dis·

255 1615 382 1678 clusum
406 1613 444 1676 ab
469 1614 539 1677 aliis
561 1619 629 1678 rete
651 1615 800 1693 habeant,
836 1634 901 1697 quo
931 1614 1173 1695 transferantur,
1204 1632 1221 1677 e
1254 1633 1320 1696 quo
1375 1653 1377 1656 -

255 1722 340 1786 foras
372 1742 505 1786 evocare
537 1725 661 1807 possint
683 1730 809 1790 matres.
859 1723 952 1799 Quod
974 1723 1097 1786 faciunt
1130 1722 1254 1786 duabus
1278 1723 1327 1786 de

256 1831 381 1895 causis’.

374 1939 444 2015 Quo
483 1943 552 2005 loco
590 1942 827 2006 Grossmannus
865 1947 938 2026 post
976 1941 1084 2024 ‘quod’
1125 1940 1318 2004 vocabulum
1418 1994 1419 2034 ,

257 2049 408 2132 ‘quidem’
431 2052 532 2114 inseri
554 2053 632 2131 vult,
658 2051 753 2134 quod,
775 2051 951 2114 utiterum
974 2053 1043 2114 eius
1066 2050 1166 2114 verba
1188 2069 1318 2133 ponam,
1418 2055 1419 2116 l

255 2160 392 2225 ‘codices
429 2160 512 2223 hanc
545 2161 716 2224 lectionem
747 2159 939 2243 praebeant’.
996 2161 1041 2223 At
1078 2161 1133 2241 qui
1170 2159 1326 2222 codicesl'
1418 2167 1419 2244 1

255 2269 335 2332 Mihi
360 2270 488 2352 quidem
513 2270 595 2333 nihil
618 2270 706 2333 aliud
736 2272 918 2354 inspexisse
946 2269 1076 2332 videtur
1100 2289 1197 2350 qnam
1221 2287 1318 2351 quem
1418 2249 1419 2288 ³

254 2399 314 2443 nos
346 2380 487 2444 vidimus
512 2379 647 2444 Gesneri
680 2379 747 2460 (vel
770 2377 968 2461 Schneideri)
1004 2380 1152 2442 criticum
1186 2397 1320 2461 appara·
1418 2383 1419 2436 1

254 2495 332 2552 tum.
379 2489 419 2552 lu
443 2509 506 2572 quo
530 2490 718 2552 1111111111
742 2474 889 2552 codicum
913 2490 1108 2567 auctoritate,
1143 2489 1199 2552 sed
1220 2489 1324 2550 inter·
1418 2479 1419 2554 }

253 2599 434 2682 polatarum
469 2600 647 2662 editionum
681 2619 763 2682 quae
794 2604 867 2662 ante
900 2598 1079 2662 Victorium
1115 2597 1319 2661 circumfere-

253 2707 373 2771 bantur
404 2707 563 2789 libidinel)
597 2708 749 2792 ‘quidem'
782 2708 843 2770 niti
874 2713 1064 2771 annotatum
1088 2709 1139 2790 sit,
1161 2727 1220 2770 nos
1244 2725 1318 2769 cum

253 2817 397 2881 Victoris
421 2821 599 2901 ceterisque
623 2818 773 2882 omnibus
798 2817 971 2882 editoribus
1000 2816 1152 2900 ‘quidem'
1179 2818 1318 2899 particu-

253 2927 319 2989 lam
342 2927 401 2990 hoc
424 2928 493 2991 loco
527 2947 704 2991 movemus.
750 2927 842 2990 Alter
874 2927 929 2990 1111
951 2927 1052 3004 locus,
1088 2926 1145 2990 ubi
1180 2927 1317 2990 editores

253 3037 338 3100 hanc
360 3037 551 3118 particulam
577 3036 796 3101 Grossmanno
829 3037 949 3099 iniuria
980 3037 1132 3099 reiecisse
1154 3036 1323 3116 videntur,

254 3151 303 3210 est
318 3146 368 3208 III
394 3147 422 3227 l,
447 3147 480 3224 l3
506 3165 601 3228 quem
619 3145 780 3210 Gesnerus
804 3144 936 3209 exhibet
958 3147 1018 3208 sic:
1045 3144 1144 3220 ‘Quos
1169 3143 1224 3230 (11.
1249 3163 1317 3208 111·

253 3277 311 3320 vos
343 3262 376 3320 et
412 3254 596 3338 accipitres)
626 3255 814 3318 columbarii
837 3254 1018 3318 interlicere
1053 3255 1157 3318 solent
1191 3253 1317 3317 duabus

254 3367 354 3450 virgis
398 3364 527 3428 viscatis
571 3363 685 3427 definis
727 3364 762 3426 in
809 3371 934 3448 terram,
974 3365 1059 3429 inter
1093 3383 1127 3428 so
1167 3367 1325 3446 curvatis,

255 3495 328 3538 cum
359 3477 520 3539 intereas
549 3475 716 3556 posuerint
749 3474 922 3558 obligatum
955 3474 1083 3555 animal,
1119 3475 1205 3556 quod
1238 3476 1314 3538 11111

254 3589 360 3669 petere
399 3584 523 3647 soleant
565 3584 741 3666 accipitres
781 3586 848 3666 qui
893 3585 938 3646 ita
984 3584 1198 3667 decipiuntur,
1242 3605 1315 3648 cum

255 3713 290 3758 se
321 3693 510 3757 obleverunt
540 3693 649 3758 visco'.
697 3692 767 3769 Qua
798 3695 833 3756 in
863 3694 1000 3758 lectione
1032 3694 1085 3757 vir'
1118 3693 1173 3756 1111
1204 3693 1314 3756 doctus

253 3808 325 3888 post
348 3799 426 3886 ‘qui’
449 3822 626 3888 pronomen
649 3803 732 3867 hanc
747 3803 936 3886 particulam
952 3803 1135 3888 ponendum
1157 3822 1226 3866 csse
1243 3823 1318 3866 cen·

255 3917 312 3996 set,
336 3931 433 3996 quam
448 3911 568 3977 habent
591 3913 747 3976 editiones
764 3923 844 3993 (non
867 3913 1014 4002 codices),
1038 3931 1120 3996 quae
1143 3917 1221 3976 sunt
1242 3912 1322 3976 Ion--

361 4142 387 4211 1)
406 4143 445 4196 Dc
464 4144 507 4196 his
525 4142 663 4197 codicibus
682 4161 707 4199 v.
726 4143 795 4198 Keil.
815 4144 832 4203 1,
852 4159 874 4202 1.
894 4157 920 4210 p.
940 4141 979 4198 22
1071 4100 1073 4106 Ι
