2908 4846
793 359 833 429 98

283 548 392 628 itaque
416 565 458 608 ex
482 547 592 618 eadem
618 547 805 630 supellectili
836 547 911 608 licet
947 547 1073 610 videre’
1120 545 1216 608 Hunc
1240 547 1347 610 locum

285 655 480 718 aMnellero
505 661 682 718 correctum
707 676 804 739 supra
832 656 1072 738 descripsimus;
1111 657 1156 718 sic
1192 657 1278 718 enim
1303 657 1347 719 le-

283 767 424 849 gendum
449 785 519 828 esse
543 770 685 847 apparet:
708 757 766 810 ‘—
790 767 882 847 sequi
906 784 1013 847 saepe;
1050 765 1148 846 idque
1178 819 1183 830 .
1210 817 1216 828 .
1241 816 1247 828 .
1272 767 1348 830 licet

284 874 412 938 videre’.

390 983 446 1064 Vl,
470 983 488 1066 ἓ
515 983 565 1062 58,
589 1003 616 1064 p.
639 984 702 1044 235
725 985 760 1046 in
785 985 950 1047 codicibus
973 985 1127 1066 legimus:

422 1159 426 1168 ,
494 1083 652 1156 ‘Nuntius
666 1093 753 1154 enim
770 1099 817 1156 est
833 1095 935 1175 aquis
945 1093 1041 1157 rebus
1055 1095 1247 1174 nominatus,
1261 1095 1348 1176 qnod

445 1200 607 1264 aGraeco
644 1201 740 1264 verbo
773 1209 892 1284 postest
916 1202 1123 1280 declinatun13
1164 1204 1202 1266 ab
1228 1223 1264 1266 eo
1288 1206 1349 1266 ita·
1442 1237 1443 1306 }

445 1329 507 1393 quc
531 1309 681 1392 Neapolis
705 1311 834 1373 illorum
859 1311 1034 1398 Novapolis
1061 1312 1099 1374 ab
1124 1314 1266 1394 antiquis
1291 1334 1349 1376 no·
1442 1375 1443 1392 2

447 1422 520 1484 stris
546 1418 701 1482 vocitata'.

391 1528 581 1612 Spengelius
605 1528 703 1590 rerba
729 1547 811 1610 quae
834 1505 912 1592 sunt
930 1522 964 1604 “a
988 1532 1059 1612 quis
1084 1529 1203 1608 rebus’,‘
1223 1549 1264 1592 ex
1281 1530 1349 1592 edi·
1442 1513 1443 1576 Ϊ

284 1642 371 1702 tione
394 1640 538 1722 principe
563 1640 608 1700 sic
632 1643 819 1700 commutat.
848 1631 901 1700 ‘N.
928 1641 1013 1702 enim
1046 1646 1094 1703 est
1126 1640 1164 1702 ab
1187 1641 1228 1701 iis
1251 1639 1350 1702 rebus
1442 1613 1443 1652 ³

286 1750 498 1810 nominatus.
524 1798 529 1809 .
555 1747 573 1811 .’
610 1753 706 1830 atque
729 1747 878 1830 iutelligit
913 1747 963 1811 ‘ab
992 1750 1084 1810 novis
1114 1749 1230 1828 rebus,
1266 1767 1350 1830 quae
1442 1747 1443 1830 ζ

286 1859 354 1939 ipsa
378 1855 476 1917 verba
499 1856 670 1919 Turnebus
694 1858 728 1918 iu
752 1862 905 1919 contextu
938 1859 1086 1940 ponenda
1110 1877 1180 1922 esse
1204 1859 1350 1920 coniecit.
1442 1903 1443 1932 3

287 1966 392 2041 Quem
416 1965 449 2030 O.
476 1965 511 2030 Ο.
537 1965 713 2028 Muellerus
736 1973 820 2028 recte
849 1974 981 2029 secutus
1006 1975 1070 2042 ast;
1108 1969 1224 2031 etenim
1249 1966 1350 2049 Spen-

284 2077 360 2159 gelii
384 2075 466 2138 illud
490 2077 662 2158 perdurum
687 2094 724 2138 ac
747 2077 843 2138 nimis
868 2075 1042 2140 obscurum
1067 2084 1124 2158 est,
1147 2085 1182 2140 ut
1206 2078 1349 2138 omittam
1442 2107 1443 2162 p

285 2187 514 2248 correctionem
539 2205 601 2248 uon
627 2185 782 2248 leniorem
806 2204 877 2248 esso
900 2206 998 2267 quam
1017 2187 1165 2250 Turnebi.
1191 2225 1233 2231 —
1258 2183 1350 2259 Quae
1442 2173 1443 2240 ἶ

286 2302 468 2378 sequuntur
491 2295 589 2358 verba
606 2293 796 2378 Spengelius
820 2314 883 2356 nou
906 2299 1053 2375 mutavit;
1079 2297 1255 2359 Muellerus
1272 2313 1349 2356 vero

286 2425 303 2469 e
340 2406 470 2488 vulgata
505 2405 639 2468 lectione
674 2403 788 2466 adiecit
823 2405 909 2486 quod
933 2407 1138 2470 vehementer
1172 2405 1351 2486 requiritur
1442 2449 1443 2488 p

286 2514 422 2578 verbum
457 2536 532 2592 νεος,
569 2511 655 2593 quod
689 2512 824 2574 verbum
858 2520 894 2575 ut
925 2516 1074 2580 omuibus
1110 2521 1224 2579 notum
1247 2512 1349 2595 Spen-
1442 2567 1443 2600 q

285 2620 419 2708 geliusl)
443 2628 533 2705 putat
555 2621 648 2684 tacile
661 2619 839 2685 Varronem
856 2626 1053 2706 supprimere
1076 2627 1219 2708 potuisse
1242 2641 1351 2706 neque

287 2732 465 2796 necessario
490 2731 674 2794 addendum
698 2750 777 2812 esse,
801 2752 875 2795 cum
899 2733 988 2795 nulla
1016 2735 1049 2794 in
1074 2734 1238 2797 codicibus
1263 2737 1352 2795 extet

286 2843 412 2904 lacuna.
459 2841 522 2904 Sed
537 2843 654 2902 iterum
668 2839 814 2904 Muelleri
838 2843 973 2925 vestigia
990 2848 1119 2906 secutus
1136 2844 1195 2906 hoc
1211 2840 1351 2904 verbum

289 2953 401 3034 utique
434 2951 600 3012 contextui
633 2951 842 3013 inserendum
876 2970 945 3014 esse
968 2958 1059 3034 puto;
1094 2971 1153 3015 uec
1177 2957 1283 3014 tamen
1308 2969 1351 3012 ex
1442 3011 1443 3026 q

289 3061 419 3144 vulgata
453 3059 588 3122 lectione
622 3059 706 3121 sumi
731 3065 861 3142 oportet,
898 3061 953 3124 sed
989 3080 1045 3143 pro
1072 3062 1112 3124 iis
1136 3063 1243 3145 potius
1267 3078 1351 3143 quae
1442 3047 1443 3120 ἶ

286 3171 404 3252 optime
420 3169 536 3231 tradita
560 3171 636 3229 sunt
656 3160 709 3229 ‘ab
730 3169 787 3245 eo',
811 3189 964 3252 graecum
980 3171 1061 3233 illud
1078 3171 1211 3234 verbum
1229 3170 1352 3252 reponi.

287 3280 400 3362 Itaque
424 3284 461 3340 ut
484 3278 590 3339 locum
614 3277 731 3339 iterum
755 3297 934 3360 exaremus,
965 3280 1137 3364 legendum
1166 3298 1235 3343 esse
1259 3284 1352 3362 puta·
1442 3283 1443 3314 l

288 3409 361 3453 mus
385 3389 444 3450 sic:
467 3378 623 3448 ‘Nuntius
648 3387 734 3448 enim
758 3394 806 3450 est
829 3388 868 3451 ab
902 3390 994 3452 novis
1029 3389 1125 3452 rebus
1158 3389 1353 3472 nominatus,

287 3498 375 3582 quod
409 3495 463 3582 (sc.
487 3493 632 3574 verbum,
669 3496 689 3556 i.
713 3515 730 3558 e
751 3485 890 3575 ‘novus’l
922 3519 941 3560 a
970 3498 1068 3562 verbo
1094 3499 1213 3560 Graeco
1248 3502 1354 3579 potest

288 3609 482 3671 declinatum
520 3626 600 3680 νεοςς
635 3605 745 3686 itaque
778 3605 928 3689 Neapolis
956 3607 1086 3670 illorum
1111 3606 1284 3690 Nova-polis
1310 3605 1350 3667 ab

287 3717 432 3799 antiquis
456 3714 575 3776 nostris
600 3713 755 3776 vocitata’.

396 3822 443 3888 Do
479 3821 559 3892 [luia
600 3823 774 3904 particulae
821 3845 884 3888 usu
918 3825 1120 3889 Varroniano
1164 3824 1352 3887 leonardus

288 3934 479 4017 Spengelius
506 3931 644 3994 breviter
672 3932 718 3994 sic
742 3931 938 4020 disseruit2):
972 3927 1020 3996 ‘in
1054 3933 1233 4017 originibus
1267 3933 1353 3996 iudi-

290 4039 502 4048 ...ῃ--..ἁ-

399 4089 423 4158 l)
443 4089 490 4144 cfr.
510 4089 591 4155 praef.
611 4089 652 4143 ed.
672 4089 783 4145 Varron.
803 4108 828 4158 p.
848 4077 944 4146 Lvfflss

396 4182 425 4252 2)
443 4181 491 4235 cfr.
511 4179 622 4234 Emend.
641 4180 718 4238 Varr.
738 4197 808 4268 spec.
827 4199 853 4250 p.
866 4184 891 4238 5.
