2908 4846
765 313 807 376 82

247 505 414 568 lectionem
439 521 581 586 propono
615 503 715 564 hanc:
751 501 818 584 ‘qui
853 539 893 547 -
930 500 1163 565 Postmoerium
1189 501 1311 565 dictum

248 632 376 697 quoque
400 613 542 695 auspicia
566 611 691 674 urbana
713 609 896 674 finiuntur.’

355 742 439 806 Scito
469 743 556 805 enim
588 743 623 803 in
657 741 766 804 codice
790 723 973 804 Florentino
1005 761 1099 824 saepe
1126 741 1265 804 litteram
1292 761 1314 824 q

209 929 210 934 ἵ
246 856 292 917 ita
315 853 464 935 scriptam
501 841 581 931 es'se,
614 856 650 913 ut
682 849 772 913 fieret
806 849 930 930 syllaba
953 851 981 931 oj
1006 851 1058 913 vel
1082 851 1106 931 sj
1133 851 1183 913 vel
1207 853 1234 932 ej
1259 851 1315 913 vel

248 961 311 1023 alia
334 958 478 1042 aliqua.1)

353 1086 427 1150 Non
450 1086 628 1170 praeteribo
662 1087 740 1169 quid
769 1086 823 1148 alii
847 1086 886 1148 de
909 1087 968 1148 hoo
991 1085 1059 1147 loeo
1088 1085 1313 1149 iudicaverint.

248 1195 356 1277 Atque
379 1194 543 1260 Henrious
567 1192 753 1276 Iordanus2)
784 1215 840 1278 pro
865 1193 1020 1276 ‘eiusque'
1044 1193 1216 1275 legendum
1241 1216 1315 1278 pro-

248 1307 339 1387 ponit
363 1305 495 1388 ‘eoque’,
528 1325 624 1369 sensu
650 1307 825 1388 aptissimo,
857 1311 964 1366 tamen
998 1309 1034 1365 ut
1066 1322 1211 1367 conexus
1241 1324 1314 1366 ver-

248 1413 364 1477 borum
389 1415 491 1478 durus
516 1417 556 1478 sit
579 1422 611 1478 et
634 1415 733 1477 oratio
757 1421 921 1496 tamquam
945 1432 1057 1496 aspera
1080 1415 1133 1476 via
1157 1414 1312 1477 decurrat.

249 1520 433 1587 Theodorus
457 1544 534 1588 vero
559 1520 815 1602 Mommsenius3)
850 1521 1056 1585 scribendum
1085 1543 1154 1586 esse
1178 1525 1315 1586 coniecit

246 1624 429 1714 ‘eousque'3
455 1653 538 1716 quae
558 1635 637 1696 mihi
652 1635 754 1714 lectio,
777 1639 813 1696 ut
832 1652 976 1696 conexus
996 1632 1143 1695 duritiem
1160 1634 1314 1714 omittam,

251 1746 282 1803 et
305 1747 415 1804 eontra
431 1742 671 1806 Varronianum
691 1763 795 1824 genus
820 1738 974 1821 dicendi4)
999 1742 1086 1804 etin
1110 1761 1203 1804 usum
1223 1741 1314 1804 verbi

248 1841 406 1913 ‘finiendi'
430 1871 561 1934 peccare
584 1852 718 1914 videtur.
763 1870 821 1934 ego
861 1851 991 1932 quidem
1030 1852 1213 1934 exemplum
1249 1871 1313 1933 quo

250 1960 367 2022 locutio
403 1980 484 2043 quae
520 1966 568 2024 est
599 1954 698 2024 ‘finiri
734 1980 837 2043 usque
861 1959 908 2023 eo’
938 1960 1163 2043 comprobetur
1185 1960 1314 2023 nullum

250 2069 372 2132 inveni.

357 2196 544 2261 Pronomini
560 2198 693 2261 relativo
709 2202 872 2280 praeterea
887 2198 1077 2280 particulam
1090 2197 1314 2260 adhaerentem

249 2307 361 2369 inveni
384 2307 461 2371 locis
484 2309 548 2371 his:
574 2306 650 2389 Ἓξ
674 2305 726 2385 97,
757 2329 785 2391 p.
810 2305 870 2384 623
895 2306 955 2384 IX,
980 2307 998 2389 ἓ
1023 2304 1074 2385 59,
1098 2327 1127 2390 p
1151 2305 1216 2369 499
1240 2305 1314 2386 (ubi

252 2416 337 2497 quod
362 2436 472 2480 omnes
496 2421 621 2480 veteres
646 2415 720 2480 libri
752 2417 870 2480 habent
900 2415 1052 2499 ‘quoque'
1080 2417 1144 2478 iarn
1168 2415 1207 2478 ab
1232 2415 1313 2477 anti-

253 2526 417 2606 quissimis
440 2525 617 2588 editoribus
640 2532 726 2590 recte
747 2529 783 2589 in
807 2525 981 2609 ‘quodque’
1006 2530 1163 2588 mutatum
1188 2529 1255 2605 est).

354 2650 520 2715 Vocabulo
544 2653 632 2735 quod
656 2659 704 2718 est
728 2653 847 2718 ‘ceteri’
872 2653 971 2716 affixa
988 2657 1035 2716 est
1052 2652 1208 2735 particula
1223 2650 1312 2722 VIII.

251 2756 270 2844 ξ
294 2758 347 2841 30,
369 2781 400 2845 p.
425 2759 491 2823 413
515 2763 562 2840 (in
586 2763 791 2845 supellectile,
814 2761 894 2844 cibo,
917 2762 1096 2845 ceterisque
1120 2760 1311 2825 omnibus..

250 2871 492 2953 inaequalitas);
518 2872 571 2934 cfr.
595 2872 637 2952 X,
660 2869 679 2957 ξ
703 2870 755 2952 64,
777 2893 807 2955 p.
827 2872 890 2934 580
915 2873 961 2951 (in
984 2869 1135 2934 aedificiis
1158 2877 1190 2934 et
1212 2872 1312 2954 signis

252 2979 409 3044 faciendis
433 2981 613 3062 ceterisque
637 2980 753 3062 rebus).

360 3105 442 3170 Cum
466 3125 542 3169 voce
567 3106 643 3168 ‘alii'
663 3109 838 3172 coniuncta
861 3113 957 3188 extat,
982 3108 1009 3171 si
1032 3107 1188 3170 editiones
1205 3107 1312 3190 sequi·

253 3237 335 3297 mur,
369 3215 459 3295 VIII,
493 3216 512 3296 ξ
540 3215 592 3298 32,
626 3236 654 3298 p.
678 3215 757 3280 415:
793 3218 909 3300 ‘neque
940 3218 1047 3300 potius
1083 3215 1314 3280 delectaremur

361 3489 386 3558 1)
407 3489 459 3542 Cir.
478 3489 511 3558 V,
525 3488 541 3557 ἓ
554 3490 596 3556 33,
615 3506 640 3557 p.
653 3490 687 3544 35
707 3490 768 3558 ‘quo
788 3479 852 3542 sive'
874 3489 940 3542 falso
959 3505 1006 3556 pro
1020 3479 1151 3557 ‘quoque'.
1170 3486 1266 3556 Seuig.
1280 3519 1313 3527 —-

253 3580 315 3647 VII,
334 3579 406 3648 379,
425 3596 450 3649 p.
463 3579 515 3635 358
535 3579 608 3633 ‘sive'
628 3580 695 3634 falso
714 3597 761 3648 pro
781 3580 868 3648 ‘quod’
888 3581 947 3650 (ego
966 3579 1044 3647 coni).
1081 3579 1117 3648 X,
1132 3579 1148 3649 ἕ
1162 3582 1204 3650 72,
1222 3597 1249 3648 p.
1262 3580 1313 3635 585

254 3673 323 3741 ‘que’
342 3671 409 3726 falso
427 3688 474 3740 pro
494 3670 567 3724 ‘eius'
588 3672 633 3739 (ex
651 3688 711 3724 mea
729 3671 900 3741 coniectura).
928 3673 962 3739 V,
981 3672 996 3740 ξ
1014 3671 1057 3739 99,
1075 3689 1100 3739 p.
1120 3672 1171 3727 102
1190 3662 1310 3740 ‘lucusjn'

253 3763 320 3816 falso
344 3778 391 3831 pro
416 3759 566 3832 ‘lacuque'3
591 3763 667 3831 566,
686 3780 713 3830 p.
732 3764 765 3818 73
787 3762 864 3832 ‘ujab'
890 3764 957 3818 falso
981 3779 1029 3831 pro
1053 3763 1147 3831 ‘quae'.
1174 3761 1210 3829 X,
1235 3763 1312 3830 §68,

254 3871 280 3922 p.
295 3853 346 3908 582
365 3849 482 3922 ‘etenjm'
502 3853 568 3908 falso
587 3870 635 3922 pro
654 3853 771 3922 ‘itaque'.
792 3883 827 3894 —-

361 3946 387 4017 2)
405 3946 516 4016 ropogr.
534 3960 599 4000 rom.
618 3945 640 4014 I,
659 3963 684 4014 p.
705 3947 762 4000 167Δ

361 4037 389 4106 3)
407 4037 462 4089 Iur.
481 4035 593 4090 Roman.
612 4035 664 4090 vol.
683 4037 704 4102 I,
722 4056 748 4107 p.
767 4037 810 4097 62.
831 4055 857 4091 n.
877 4038 902 4091 5.
922 4036 974 4106 (ed.
987 4036 1035 4106 Π.)

360 4128 389 4199 4)
408 4127 555 4182 Nunouarn
573 4144 589 4182 a
606 4130 696 4183 nostro
714 4124 817 4198 ‘usque'
837 4129 923 4184 altero
942 4128 1001 4182 loco
1020 4128 1136 4196 positum
1154 4129 1201 4182 est
