2908 4846
781 373 840 437 108

277 557 477 618 conveniunt
500 560 536 618 ut
560 558 685 640 scriptis
710 561 736 622 si
761 560 856 622 etiam
881 561 1078 645 repudiantl)
1102 570 1227 647 natura,
1251 568 1339 650 quod

276 666 322 727 ita
345 670 381 727 ut
405 665 523 728 dicitur
546 686 612 730 non
636 669 677 730 sit
697 689 748 732 ars
770 669 825 732 sed
838 671 952 734 artifex
968 673 1261 756 reprehendendus,
1281 679 1339 758 qui

279 774 372 838 debet
404 776 438 837 in
472 776 639 840 scribendo
674 797 739 841 non
770 779 889 843 vidisse
924 800 1035 843 verum
1072 802 1136 845 non
1170 783 1243 847 ideo
1270 804 1338 848 non

276 903 370 966 posse
394 885 490 948 scribi
513 886 646 949 verum’.

384 992 519 1058 Duabus
554 997 651 1078 igitur
680 998 718 1061 de
749 999 855 1061 causis
879 999 1056 1082 analogiam
1089 1003 1338 1084 reprehendunt.

275 1103 418 1186 primum
440 1097 539 1187 tquod
565 1107 620 1188 qui
645 1107 683 1170 de
708 1126 744 1169 ea
769 1109 962 1192 scripserint,
995 1111 1080 1172 inter
1115 1129 1236 1173 senon
1261 1132 1338 1176 con·

279 1213 430 1294 veniant’,
455 1215 570 1278 deinde
590 1208 692 1298 ‘quod
716 1219 751 1280 in
775 1217 896 1300 quibus
919 1219 965 1280 illi
983 1223 1185 1300 conveniant,
1209 1241 1247 1284 ea
1262 1243 1335 1286 cum

277 1325 512 1388 consuetudine
555 1326 759 1410 discrepent'3
801 1347 883 1410 qnae
925 1333 1114 1411 argumenta
1151 1329 1253 1393 Varro
1292 1332 1337 1394 ita

277 1433 405 1514 refutat,
434 1441 470 1497 nt
501 1437 535 1497 in
569 1438 758 1500 universum
792 1457 829 1500 ea
855 1438 1024 1501 transferat
1059 1443 1090 1501 et
1118 1459 1212 1521 quam
1238 1460 1337 1522 prava

277 1542 353 1605 inde
377 1553 555 1626 sequantur
572 1545 776 1610 demonstret.
825 1545 932 1610 Verba
949 1555 1065 1629 autem,
1089 1547 1210 1632 quibus
1228 1551 1339 1631 utitur,

277 1650 344 1714 fere
369 1655 481 1716 eadem
505 1661 582 1718 sunt
606 1676 688 1738 quae
712 1657 759 1718 illi
782 1657 947 1739 analogiae
970 1663 1170 1721 accusatores
1185 1661 1247 1742 ipsi
1264 1679 1338 1722 con-

278 1774 328 1830 tra
351 1786 421 1829 eam
450 1766 604 1845 fecerunt,
638 1767 682 1828 ita
715 1771 751 1827 ut
783 1765 821 1827 ad
855 1767 944 1848 prius
975 1785 1079 1828 eorem
1112 1775 1336 1850 argumentum

279 1875 470 1959 respondeat
490 1867 557 1938 ‘Sic
581 1876 666 1938 enim
691 1876 794 1937 omnis
818 1874 1055 1956 repudiandum
1071 1877 1130 1938 erit
1146 1878 1231 1958 artis,
1252 1879 1338 1961 quod

278 1992 310 2050 et
332 1989 368 2049 in
392 1985 549 2048 medicina
574 1991 605 2048 et
627 1986 661 2046 in
685 1985 809 2048 musica
833 1985 920 2046 etin
944 1985 1014 2048 aliis
1031 1986 1140 2048 multis
1157 1987 1339 2070 discrepant

278 2093 469 2178 scriptores'.
515 2095 663 2157 Alterum
686 2099 792 2156 autem
818 2113 881 2175 quo
905 2095 999 2157 modo
1016 2095 1148 2172 refellat,
1170 2099 1198 2159 si
1213 2098 1339 2160 codices

279 2206 453 2287 sequimur,
489 2224 554 2266 non
589 2206 795 2287 perspicuum
832 2208 887 2266 est.
942 2204 1114 2287 Augustus
1147 2215 1223 2268 vero
1259 2205 1340 2270 Wil-

278 2311 474 2398 mannsius2)
507 2315 678 2378 lectionem
701 2313 849 2374 traditam
878 2319 963 2376 recte
987 2316 1165 2378 correxisse
1189 2317 1267 2378 mihi
1291 2319 1340 2379 vi-

277 2426 372 2488 detur
396 2426 459 2488 sic:
482 2417 570 2487 ‘item
595 2425 630 2486 in
655 2421 773 2506 quibus
797 2424 994 2486 conveniunt
1014 2425 1149 2507 scriptis,
1173 2427 1340 2489 scientiam

277 2534 450 2618 repudiant
472 2530 655 2600 naturae'ssi
703 2530 752 2594 Ita
783 2533 868 2594 enim
904 2533 1063 2614 particula
1092 2525 1193 2597 ‘item’
1221 2536 1341 2598 intelli-

275 2644 381 2728 genda
405 2648 462 2719 est,
487 2649 524 2706 ut
547 2645 631 2706 sicut
653 2661 779 2726 semper
800 2642 876 2720 fere,
901 2642 1018 2706 similia
1042 2643 1202 2706 similibus
1226 2645 1340 2708 adiun-

274 2759 342 2838 gat3
366 2754 400 2815 id
424 2754 510 2835 quod
535 2753 710 2816 Muellerus
734 2758 765 2815 et
789 2747 981 2829 Madvicus4)
1006 2752 1164 2830 viderunt,
1196 2752 1336 2838 Spenge-

274 2863 338 2926 lius
360 2865 395 2924 in
419 2863 556 2925 editione
580 2882 657 2926 sane
680 2864 798 2925 mirum
820 2863 854 2924 in
879 2861 1011 2924 modum
1035 2860 1210 2943 neglexit5)
1347 2938 1352 2948 1

382 2972 519 3054 Reliqua
558 2971 654 3034 huius
692 2971 755 3034 loci
793 2971 891 3034 verba
926 2977 964 3033 ut
999 2972 1105 3034 statim
1143 2991 1336 3054 recenseam,

275 3083 465 3166 Spengelins
498 3101 563 3144 non
594 3086 678 3144 recte
712 3081 910 3144 intellexisse
942 3080 1021 3142 mihi
1046 3080 1181 3143 videtur.
1227 3081 1337 3146 Liceat

276 3193 354 3254 mihi
385 3192 492 3255 locum
526 3211 567 3254 ex
599 3193 669 3255 eius
701 3191 959 3273 interpunctione
991 3191 1109 3253 iterum
1142 3190 1334 3255 describere:

272 3294 373 3385 ‘quod
409 3307 441 3365 et
471 3303 505 3364 in
539 3301 697 3364 medicina
728 3306 759 3363 et
790 3301 824 3362 in
857 3301 980 3362 musica
1011 3307 1043 3363 et
1074 3300 1109 3362 in
1133 3299 1203 3362 aliis
1226 3301 1337 3365 multis
1414 3356 1419 3367 .

276 3411 458 3494 discrepant
496 3411 665 3492 scriptores
699 3410 784 3490 item,
817 3410 850 3470 in
892 3408 1012 3491 quibus
1050 3410 1257 3490 conveniunt,
1292 3417 1338 3492 ut,

385 3569 409 3638 l)
428 3567 473 3621 Sic
492 3585 560 3622 corr.
579 3568 607 3621 in
626 3567 655 3622 F.
675 3584 709 3621 ex
727 3562 881 3635 ‘repudiat’;
902 3567 949 3620 cir.
969 3565 1060 3620 Groth.
1080 3583 1105 3633 p.
1125 3567 1168 3621 62.

382 3658 410 3730 2)
428 3655 478 3713 ‘De
492 3658 638 3712 differenti
644 3659 773 3713 Varronis
786 3658 863 3712 libris
868 3657 1051 3727 grammaticis
1063 3657 1217 3724 particula'3
1230 3658 1336 3714 dissert.

274 3749 361 3806 Bonn.
381 3767 403 3804 a.
424 3751 503 3818 1863,
522 3768 547 3818 p.
560 3751 603 3806 48.

381 3842 409 3911 3)
427 3842 497 3896 Male
515 3841 674 3896 Muellerus:
693 3834 768 3896 ‘item
786 3841 816 3895 in
835 3843 932 3910 quibus
945 3841 1117 3910 conveniunt,
1136 3841 1243 3909 scriptis
1255 3841 1336 3895 etiam

279 3937 411 4002 repugnat
428 3934 539 3988 natura’.

379 4025 407 4094 4)
427 4027 496 4081 Adv.
516 4028 576 4081 crit.
594 4043 612 4095 p
641 4029 700 4082 177.

381 4117 409 4184 5)
428 4118 573 4188 Coniungit
591 4118 663 4172 enim
681 4114 761 4188 ‘quod
780 4123 806 4172 et
825 4119 853 4172 in
872 4118 1025 4172 medicina.
1046 4164 1051 4176 .
1073 4159 1077 4171 .
1098 4116 1250 4186 discrepant
1269 4115 1335 4170 scri-

274 4209 364 4276 ptores
381 4209 463 4262 item’.
