2908 4846
809 409 850 469 74

398 594 508 680 Longe
533 616 551 658 a
574 615 650 659 vero
682 594 841 679 particula
867 587 1001 657 ‘noenu'
1033 593 1123 658 abest
1154 591 1214 675 IX,
1238 594 1256 675 ἕ
1283 594 1358 673 112,

290 726 319 788 p.
346 703 409 767 539
434 711 513 769 extr.
540 725 636 788 quem
659 706 766 767 locum
790 703 981 787 Spengelius
1005 723 1022 767 e
1046 704 1154 766 codice
1169 703 1355 766 Florentino
1426 752 1429 758 .

291 816 451 896 expressit
474 817 533 878 sic:
556 807 843 896 ‘quemadmodum
865 814 903 893 is,
934 814 989 895 qui
1014 811 1142 897 [cum]¹)
1177 817 1290 895 peccat
1320 815 1357 875 iu

289 923 340 986 his
365 923 481 1006 verbis,
505 924 560 986 ubi
585 924 711 987 duobus
735 923 838 986 modis
862 923 1026 1002 dicuntur,
1058 942 1123 985 non
1155 921 1237 985 tollit
1260 923 1360 984 ratio-

290 1051 366 1095 nem
390 1052 464 1096 eum
489 1036 637 1115 sequitur
658 1034 786 1113 falsum,
810 1033 857 1095 sic
880 1033 976 1095 etiam
1000 1034 1034 1094 in
1057 1033 1108 1094 his
1132 1051 1215 1114 quae
1240 1050 1303 1101 non
1323 1032 1356 1100 ln

291 1141 418 1206 duobus
443 1143 620 1207 dicuntur.
639 1191 645 1204 .
663 1191 679 1220 .,
701 1162 768 1204 non
796 1143 963 1205 scientiam
987 1141 1070 1204 toMit
1093 1143 1318 1204 orationis...
1338 1141 1357 1205 .'

397 1249 671 1334 Praepositionem
685 1243 744 1313 ‘in'
769 1253 798 1314 h.
815 1252 834 1314 l.
855 1251 1023 1315 offensioni
1040 1270 1110 1314 esse
1128 1256 1231 1335 patet3
1257 1271 1356 1333 quam
1435 1260 1436 1310 l

292 1357 325 1422 O.
357 1357 393 1421 Ο.
424 1354 601 1423 Muellerus
631 1361 795 1443 vulgatam
838 1365 967 1424 secutus
1006 1380 1081 1423 curn
1120 1360 1287 1423 Vertranio
1326 1366 1359 1422 et
1435 1347 1436 1352 ἵ

292 1466 438 1551 Scioppio
472 1469 598 1546 delevit,
636 1468 668 1531 C.
696 1469 732 1537 F.
764 1469 814 1534 W.
845 1469 1022 1533 Muellerus
1058 1490 1124 1533 una
1158 1489 1233 1532 cum
1264 1461 1357 1531 ‘non'

288 1578 446 1660 particula
465 1580 500 1640 in
521 1572 652 1642 ‘noenu’
676 1581 820 1643 mutavit.
855 1581 899 1642 At
922 1581 949 1643 si
972 1599 1086 1643 verum
1109 1584 1157 1643 cst
1179 1579 1261 1641 harno
1285 1599 1358 1661 par-

291 1688 422 1750 ticulam
446 1694 591 1752 constare
610 1707 627 1751 e
650 1688 757 1752 vorbis
779 1682 834 1752 ‘ne
859 1687 997 1769 oenum',
1024 1689 1133 1770 itaque
1156 1665 1258 1750 multo
1282 1687 1357 1770 plus

295 1797 399 1860 valere
435 1783 533 1880 quam
565 1791 656 1861 ‘non’
691 1803 788 1879 atque
823 1799 856 1858 vi
888 1815 958 1860 esse
994 1797 1104 1859 eadem
1141 1817 1205 1879 qua
1228 1803 1358 1860 nostrae

290 1911 367 1969 sunt
396 1907 575 1970 locutiones
611 1906 710 1969 ‘nicht
743 1908 789 1968 im
823 1906 1025 1987 mindesten’,
1061 1905 1153 1989 ‘ganz
1194 1907 1263 1969 und
1297 1927 1356 1989 gar

290 2015 399 2096 nicht’,
424 2015 653 2098 ‘licineswegs'‚
677 2035 735 2098 ego
761 2019 820 2092 qul
842 2016 872 2078 h.
894 2016 914 2078 l.
940 2015 1083 2079 obtineat
1105 2035 1171 2078 non
1194 2015 1354 2098 intellego.

290 2127 343 2187 An
378 2131 463 2188 recte
498 2145 574 2188 oum
605 2126 697 2207 loqui
731 2126 907 2205 existimas,
940 2126 996 2207 qui
1031 2144 1105 2187 cum
1138 2126 1242 2188 dicere
1276 2126 1356 2188 velit
1437 2123 1438 2126 ’

291 2234 379 2296 ‘haec
414 2233 513 2296 verba
541 2234 669 2298 duobus
693 2235 797 2297 modis
821 2234 982 2311 dicuntur,
1014 2235 1071 2296 illa
1094 2253 1158 2304 uno
1183 2233 1355 2314 dicuntur',

291 2346 319 2406 si
341 2343 401 2406 hoo
424 2343 509 2406 idem
532 2343 681 2425 negative
705 2345 872 2426 exprimat,
907 2343 1036 2407 ‘noenu’
1070 2345 1227 2428 particula
1252 2346 1356 2407 utitur
1438 2417 1439 2442 ¹

290 2454 349 2516 sic:
368 2452 457 2516 ‘haec
473 2450 571 2514 verba
587 2451 716 2515 duobus
732 2452 836 2516 modis
853 2453 1013 2535 dicuntur,
1036 2455 1092 2516 illa
1108 2472 1213 2523 noenu
1230 2453 1354 2523 duobus
1438 2503 1439 2514 ,

291 2561 477 2626 dicunturl’
523 2560 603 2623 Mihi
632 2561 764 2642 quidem
792 2561 832 2622 ad
856 2561 1065 2626 huiusmodi
1089 2565 1248 2627 contraria
1270 2565 1356 2626 inter

290 2689 324 2734 se
348 2670 538 2753 opponenda
562 2670 654 2733 solita
677 2672 803 2753 negatio
820 2669 975 2753 sufficere,
999 2672 1128 2735 ‘noenu’
1152 2677 1259 2735 autem
1279 2691 1354 2734 oum

290 2782 473 2864 exaggerati
497 2780 619 2862 aliquid
642 2781 677 2842 in
702 2799 736 2843 se
759 2779 882 2861 habeat,
906 2800 972 2844 non
988 2782 1083 2844 modo
1106 2763 1273 2862 inutiliter,
1296 2781 1354 2844 sed

289 2909 421 2972 prorsus
455 2888 535 2952 falso
568 2891 672 2974 posita
706 2908 776 2952 esse
810 2889 948 2952 videtur.
994 2889 1119 2955 Deinde
1151 2891 1179 2954 si
1202 2891 1242 2952 ad
1266 2890 1354 2952 huno

289 3000 396 3062 locum
429 2997 529 3061 verba
563 2997 711 3061 retuleris
746 3016 826 3079 quae
851 2996 1028 3063 Muellerus
1060 3000 1135 3063 fecit
1157 2999 1191 3082 (l.
1215 3001 1252 3079 c.)
1284 2999 1354 3062 ‘das

289 3110 443 3192 verlange
466 3103 527 3188 ich,
551 3107 625 3170 dass
642 3108 732 3170 nicht
748 3107 799 3170 die
815 3127 896 3190 pure
912 3107 1104 3192 Strcichung
1119 3111 1207 3173 eines
1227 3108 1353 3171 Wortes

289 3219 336 3280 als
361 3219 432 3282 eine
455 3216 776 3280 Textesemendation
810 3218 1014 3301 ausgegebcn
1038 3219 1129 3299 wird,
1164 3220 1247 3281 ohne
1278 3217 1353 3281 dass

289 3327 372 3390 erich
407 3347 470 3389 nur
503 3324 611 3388 Miene
645 3326 793 3408 gemacht
826 3327 907 3389 wird
930 3347 972 3389 zu
996 3327 1151 3409 erkldrcn,
1175 3329 1235 3391 wie
1259 3346 1293 3390 so
1318 3345 1352 3389 cs

290 3434 418 3497 dorthin
440 3434 631 3517 gekommen
657 3435 726 3497 sein
749 3434 890 3516 konnlc',
914 3457 1011 3518 quam
1035 3438 1075 3500 ad
1098 3437 1245 3500 voculam
1271 3455 1352 3519 quae

289 3549 338 3606 ost
362 3541 417 3604 ‘in’
441 3561 508 3605 non
533 3534 711 3625 quadranti
758 3543 923 3608 Facillime
958 3546 1043 3608 enim
1077 3545 1292 3628 qualicunque
1316 3547 1353 3607 li-

288 3651 388 3714 brarii
412 3670 518 3715 errore
541 3653 627 3716 illam
652 3655 742 3715 nasci
764 3673 857 3737 posse
881 3656 994 3719 elucet.

397 3865 422 3935 l)
440 3861 526 3919 ‘Cum’
546 3864 643 3936 Speng.
666 3867 741 3919 recle
766 3866 911 3921 delendum
934 3871 1017 3938 putat.
1060 3868 1147 3921 Aliter
1170 3870 1202 3921 de
1225 3868 1350 3924 hocloco

289 3957 371 4011 sentit
389 3957 416 4011 C.
435 3955 464 4014 F.
483 3956 528 4015 W.
542 3956 689 4010 Muellerus
707 3956 724 4010 l.
743 3973 765 4010 c.
785 3974 809 4025 p.
830 3957 881 4012 798
900 3975 952 4027 sq.;
971 3959 1031 4013 vult
1048 3960 1119 4013 enim
1139 3958 1220 4012 scribi
1239 3953 1272 4012 ‘is
1290 3959 1349 4029 qni·

290 4049 413 4118 cunqne',
439 4064 520 4116 quam
544 4047 708 4102 locutionem
728 4065 743 4102 a
761 4048 839 4104 libris
858 4051 890 4103 de
909 4050 927 4103 1.
947 4051 964 4104 l.
984 4050 1063 4119 plane
1080 4051 1203 4118 alienam,
1232 4066 1349 4119 eaquae

287 4139 412 4194 inlibris
431 4141 463 4194 de
482 4157 502 4192 r.
520 4156 542 4192 r.
561 4140 605 4208 (Π,
626 4141 650 4208 7,
669 4141 696 4209 8)
723 4142 797 4194 extat
823 4135 902 4200 ‘is..
930 4143 1031 4214 quiqui'
1059 4157 1227 4212 nequaquam
1254 4141 1349 4195 confir-

286 4234 387 4286 matam
406 4249 465 4288 esse
484 4231 570 4286 credo.
