2888 4854
208 1035 305 1144 Ante
339 1081 397 1144 hos
432 1081 514 1144 duos
548 1099 649 1144 annos
682 1099 755 1144 cum
793 1081 870 1145 ordo
904 1083 1167 1167 philosophorum

101 1185 357 1270 Regimontanus
392 1189 571 1252 litterarum
605 1193 766 1251 certamen
796 1189 944 1252 iussisset
970 1189 1015 1252 ita
1037 1189 1108 1254 lieri
1131 1195 1168 1254 ut

102 1295 151 1360 ‘de
175 1296 218 1362 M.
243 1297 370 1361 Terenti
385 1297 543 1361 Varronis
568 1297 797 1380 particularum
821 1317 886 1362 usu
910 1317 1091 1382 sensusque
1115 1318 1167 1362 co-

101 1408 252 1470 nectendi
275 1409 399 1471 ratione
423 1409 605 1491 disputetur
629 1412 659 1470 et
682 1408 824 1471 maxime
848 1426 1009 1490 quaenam
1024 1409 1108 1472 inter
1130 1409 1168 1470 li-

102 1517 177 1580 bros
201 1517 240 1581 de
262 1517 375 1602 lingua
390 1515 505 1580 Latina
528 1522 560 1580 et
581 1515 681 1580 libros
701 1516 740 1580 de
763 1535 798 1578 re
821 1519 943 1580 rustica
964 1517 1096 1600 scriptos
1119 1517 1168 1580 di-

103 1626 198 1690 cendi
220 1627 347 1710 generis
372 1626 584 1709 discrepantia
599 1625 784 1704 intercedat,
810 1627 991 1708 quaerendo
1011 1625 1170 1690 efficiatur

101 1756 167 1800 non
199 1737 354 1820 neglectis
390 1735 628 1819 deperditarum
658 1735 815 1799 librorum
838 1735 992 1818 reliquiis'
1017 1755 1074 1820 ego
1107 1737 1167 1800 hoo

100 1846 222 1930 grande
246 1850 276 1909 et
300 1845 509 1928 ‘periculosae
532 1846 664 1930 plenum
680 1864 761 1929 opus
778 1845 876 1909 aleae’
897 1849 1033 1909 tractare
1052 1846 1166 1928 incepi.

100 1955 231 2019 Etenim
255 1955 342 2038 quod
365 1955 533 2038 Augustus
556 1955 794 2018 Wilmannsius
822 1974 907 2018 anno
935 1951 1044 2035 18641)
1069 1955 1167 2037 scrip-

101 2070 186 2128 serat
221 2064 272 2127 ‘de
304 2063 455 2127 omuibus
488 2062 712 2128 subtilioribus
745 2065 824 2126 certi
860 2063 1036 2145 quidquam
1069 2065 1168 2127 statui

101 2178 175 2237 ante
199 2192 264 2236 non
287 2191 382 2255 posse
407 2192 503 2255 quam
530 2173 569 2236 de
585 2171 764 2236 Florentini
787 2172 907 2234 codicis
930 2173 1066 2256 singulis
1089 2173 1168 2236 locis

101 2282 234 2346 constet'
267 2285 363 2346 etiam
390 2281 463 2345 XV.
494 2283 587 2344 annis
615 2285 689 2364 post
718 2281 757 2344 de
784 2281 845 2343 hoc
873 2280 981 2345 codice
1009 2301 1076 2344 uno
1100 2302 1167 2345 om·

99 2394 193 2455 nium
223 2393 499 2475 praestantissimo
529 2391 700 2456 dicendum
724 2394 809 2469 erat3
835 2409 1033 2472 quamquem
1062 2393 1165 2454 varie-

100 2506 198 2565 tatem
221 2503 291 2566 eius
316 2501 560 2585 diligentissime
577 2504 739 2564 enotatam
764 2481 802 2562 ab
825 2497 967 2562 Henrico
990 2497 1095 2562 Keilio
1114 2519 1166 2562 ac-

100 2612 223 2694 cepisse
246 2609 450 2674 Leonardum
474 2606 719 2694 Spengeliurn,2)
746 2609 854 2691 ipsum
877 2608 1060 2672 excussisse
1084 2607 1165 2671 Wil-

98 2721 286 2784 mannsium
310 2720 483 2784 constabat.
530 2719 593 2784 Sed
609 2723 725 2782 neuter
748 2717 951 2780 collationem
975 2736 1069 2779 suam
1084 2717 1165 2780 iuris

97 2829 220 2913 publici
251 2830 334 2909 fecit.
368 2834 464 2914 atque
487 2830 581 2892 illum
606 2826 738 2911 quidem
762 2827 870 2889 virum
894 2826 1110 2889 clarissimum
1134 2831 1165 2889 et

98 2939 137 3002 de
160 2939 307 3003 Varrone
330 2941 448 3022 optime
473 2939 634 3014 meritum,
664 2954 761 3019 quem
790 2953 862 3016 spes
891 2938 958 2998 erat
987 2936 1104 2998 iterum
1127 2935 1165 2997 li-

97 3048 172 3112 bros
197 3049 236 3112 de
265 3049 284 3111 l.
306 3047 340 3113 L.
373 3067 443 3112 esse
472 3065 691 3127 recensurum,
718 3062 822 3126 nuper
850 3044 935 3108 diem
963 3043 1083 3108 obiisse
1111 3064 1166 3107 su-

95 3177 244 3240 premum
268 3158 424 3222 dolemus.

204 3267 310 3343 Quam
334 3267 374 3330 ob
409 3287 479 3332 rem
502 3266 584 3330 bene
608 3264 750 3347 contigit,
782 3266 820 3324 ut
852 3280 938 3323 anno
970 3267 1043 3344 post
1067 3283 1164 3346 quam
1224 3309 1227 3316 .

96 3381 223 3460 tempus
255 3396 450 3460 operamque
481 3378 516 3439 in
550 3374 694 3458 legendis
728 3370 819 3434 libris
851 3370 1060 3434 Varronianis
1088 3390 1164 3434 con-

96 3487 220 3569 sumpsi
242 3483 381 3550 Adoll'us
398 3485 550 3550 (irothius
572 3483 719 3547 libellum
742 3478 896 3543 scriberet
920 3478 959 3542 de
976 3478 1018 3542 M.
1037 3479 1164 3544 Terenti

94 3594 252 3659 Varronis
276 3595 357 3659 del.
380 3594 402 3658 l.
426 3594 582 3657 librorum
606 3592 714 3656 codice
737 3584 960 3671 Florentino‚3)
991 3609 1087 3671 quem
1112 3609 1163 3652 co·

204 3786 229 3857 1)
249 3787 302 3842 cfr.
320 3787 443 3840 libellum
462 3785 507 3840 cui
525 3784 665 3854 inscripsit
687 3778 736 3838 ‘De
755 3783 791 3837 M.
809 3779 916 3834 Terenti
940 3779 1068 3835 Varronis
1086 3780 1163 3834 libris

96 3866 286 3942 grammaticis'
306 3893 332 3944 p.
350 3879 394 3932 44.
1145 3865 1148 3868 ’

203 3964 230 4034 2)
248 3964 301 4020 Cfr.
320 3966 389 4018 Acta
406 3963 480 4018 acad.
494 3962 662 4017 Monacensis
681 3959 788 4030 generis
806 3955 986 4027 philosophici
1004 3956 1032 4009 et
1048 3955 1162 4026 philolo-

94 4052 150 4122 gici
169 4051 223 4108 vol.
235 4053 296 4108 VII.
316 4053 408 4123 (1854)
426 4069 453 4122 p,
471 4053 525 4108 432
543 4053 571 4105 et
588 4045 630 4104 ‘de
649 4049 753 4104 emend.
771 4049 822 4105 rat.
840 4046 970 4101 librorum
989 4044 1021 4098 de
1033 4043 1051 4099 l.
1062 4043 1090 4099 l.’
1103 4043 1163 4100 Mo·

94 4141 186 4195 nachii
204 4141 273 4196 1858
291 4159 317 4210 p.
333 4143 362 4196 3.

202 4229 231 4296 3)
249 4229 320 4285 Diss
339 4230 428 4298 inaug.
449 4230 615 4300 argentorat.
635 4244 658 4287 a.
679 4225 757 4282 1880.

947 4320 962 4372 1
