2888 4854
798 336 817 398 8

272 527 361 612 quod
383 526 460 588 villa
484 527 553 590 sine
576 527 616 590 iis
639 545 754 609 parum
776 522 867 605 tuta',
900 542 982 606 quae
1016 523 1138 588 ‘utrum
1167 530 1253 590 recte
1277 525 1353 588 hoc
1421 503 1422 580 l

270 637 340 702 loco
364 635 515 717 legantur
538 655 579 698 an
602 635 685 698 male
709 653 726 698 e
746 635 848 717 capite
865 634 1017 696 vicesimo
1033 635 1137 716 primo
1153 635 1218 698 huc
1233 639 1354 698 trans-

270 746 335 810 lata
368 746 433 808 sint
465 743 655 808 confirmare
687 763 753 807 non
787 741 892 806 audet’
916 741 1077 810 Keilius.¹)
1123 742 1185 807 Sed
1217 762 1276 826 pro
1305 762 1352 806 eo
1421 743 1422 764 ³

245 855 360 938 ‘quod
383 857 418 918 in
441 853 540 918 Keilii
564 853 729 916 codicibus
753 857 802 916 est
826 851 970 934 ‘utique',
1002 851 1182 915 Politianus
1206 851 1352 916 exhibet

273 963 383 1046 ‘utile',
416 982 515 1046 quare
538 963 744 1026 Zahlfeldtius
777 963 807 1032 ll.
833 981 859 1025 c.
882 982 912 1045 p.
937 962 990 1029 22)
1021 963 1057 1025 in
1089 963 1178 1024 hunc
1204 962 1349 1024 modum
1421 934 1422 1022 Ῐ

271 1075 514 1157 interpretatur:
551 1072 650 1156 ‘quod
681 1072 720 1136 ad
745 1090 841 1135 canes
865 1073 987 1154 attinet,
1019 1073 1099 1135 utile
1122 1075 1171 1134 est
1194 1077 1258 1146 (eos
1283 1071 1349 1133 ha·
1421 1073 1422 1078 ’

270 1181 366 1264 bere),
390 1182 477 1265 quod
493 1183 570 1245 villa
587 1183 656 1246 sine
671 1183 712 1244 iis
727 1181 949 1266 parum‘tuta'.
996 1181 1114 1246 Tamen
1138 1199 1204 1243 non
1228 1182 1346 1244 statim

271 1291 313 1358 ad
335 1292 419 1354 hanc
444 1293 616 1375 opinionen
641 1291 766 1373 accedo,
800 1310 998 1374 quamquam
1029 1291 1160 1374 linguae
1184 1290 1347 1353 Varroni-

272 1419 352 1463 anae
386 1405 418 1463 et
450 1399 510 1464 ‘de’
543 1401 701 1484 particula
735 1402 782 1463 sic
811 1402 917 1483 posita
949 1402 1067 1484 optime
1098 1397 1273 1468 convenitb
1310 1405 1346 1464 et

271 1507 409 1572 verbum
431 1507 571 1572 habendi
595 1511 766 1574 durissime
789 1511 841 1573 hic
865 1512 1010 1574 omittere
1033 1510 1167 1574 fortasse
1188 1507 1299 1577 licet3)
1420 1574 1421 1595 ,

381 1617 485 1686 Ellam
509 1620 701 1702 particulam
726 1620 818 1684 aliter
842 1639 876 1684 se
898 1620 1016 1684 habere
1038 1621 1073 1683 in
1095 1619 1187 1682 libris
1211 1619 1345 1701 dell,
1420 1644 1421 1685 l

272 1726 363 1789 aliter
384 1727 419 1788 in
442 1727 534 1791 libris
558 1729 596 1792 de
619 1750 642 1791 r.
659 1750 684 1794 r.
703 1748 760 1812 age
784 1747 959 1810 cognoscas
982 1730 1195 1794 formularum
1210 1730 1344 1812 potissi-

272 1855 364 1900 mum
388 1837 575 1902 condicione
608 1857 690 1922 quae
722 1843 799 1902 sunt
823 1838 890 1900 ‘aut
913 1838 1030 1920 etiam‘,
1062 1837 1124 1902 ‘vel
1148 1837 1264 1920 etiam’,
1297 1838 1344 1901 ‘et
1421 1863 1422 1888 i

273 1945 389 2012 etiam'.
434 1945 503 2010 Has
528 1949 611 2010 enim
635 1947 711 2010 libri
733 1953 861 2012 tantum
885 1949 925 2011 de
947 1969 972 2013 r.
990 1969 1015 2013 r.
1041 1949 1150 2031 scripti
1171 1947 1340 2032 praebent,
1421 1933 1422 1964 ¹

271 2074 434 2137 nusquam
456 2057 604 2121 invenies
631 2057 780 2132 inlibris
804 2059 843 2121 de
866 2058 886 2122 l.
911 2059 931 2120 1.
955 2059 1065 2139 Atque
1087 2058 1151 2139 illa,
1176 2076 1259 2140 quae
1291 2062 1342 2122 est

274 2165 342 2229 ‘aut
364 2166 480 2249 etiam',
503 2168 590 2230 locos
615 2168 782 2250 occuparit
803 2168 877 2232 hos:
902 2166 928 2249 I,
952 2169 981 2248 2,
995 2170 1036 2230 23
1061 2166 1201 2250 (propter
1224 2187 1342 2249 agrum

274 2279 330 2336 aut
364 2277 460 2338 etiam
491 2277 527 2340 in
560 2271 661 2359 agro),
704 2277 783 2358 7,st
822 2277 916 2358 16,3;
953 2275 1010 2354 433
1048 2275 1151 2354 51,2;
1190 2274 1233 2355 Il,
1262 2275 1291 2357 6,
1311 2277 1342 2338 5.

274 2383 474 2467 111‚16,30.
848 2409 849 2412 ¹

384 2492 473 2569 Quae
496 2498 545 2558 est
575 2493 637 2556 ‘vel
661 2493 879 2589 etiam’„eam
911 2494 973 2557 sibi
1005 2494 1171 2556 vindicant
1201 2494 1267 2557 loci
1289 2493 1339 2556 hi:

274 2601 585 2686 1,5e,3;11,9,9.

381 2709 532 2794 Denique
564 2717 601 2776 ut
634 2712 673 2776 de
703 2713 798 2776 tertia.
830 2713 968 2776 formula
997 2712 1039 2776 ‘et
1062 2712 1168 2775 etiam’
1193 2712 1340 2793 adiciam,

382 2868 408 2938 1)
429 2864 645 2924 ‘Observationes
664 2869 772 2923 criticae
790 2870 820 2922 in
833 2869 939 2924 Catonis
958 2871 985 2923 et
997 2869 1126 2924 Varronis
1144 2870 1177 2922 de
1195 2885 1224 2922 re
1237 2868 1341 2924 rustica
1421 2851 1422 2930 Ῐ

274 2951 364 3015 libros’
386 2961 493 3029 scripsit
510 2962 545 3014 H.
565 2962 679 3017 Keilius.
716 2961 802 3029 Halia
822 2961 900 3016 1849.

382 3053 408 3122 2)
429 3053 513 3121 Saepe
540 3048 620 3108 ‘nova
647 3053 670 3108 si
694 3053 790 3121 incipit
808 3069 870 3121 pars
891 3053 1087 3121 quaestionum,
1107 3053 1193 3106 Varro
1211 3051 1338 3104 universe

275 3146 464 3213 argumentum
481 3145 585 3199 indicat
603 3146 767 3200 substantivo
795 3161 861 3198 usus
880 3162 896 3198 a
913 3143 1109 3212 praepositione
1127 3133 1176 3196 ‘de'
1197 3142 1338 3212 pendente,

276 3236 399 3305 proximo
419 3237 556 3290 enuntiato
574 3250 628 3290 non
641 3237 782 3290 coniuncto
802 3240 850 3289 aut
867 3235 1033 3302 subiunclo'3
1053 3236 1130 3288 cuius
1149 3234 1272 3288 dictionis
1289 3250 1338 3287 ex·

276 3326 364 3395 empla
391 3327 520 3381 nonnulla
547 3326 639 3379 attulit
663 3327 802 3380 Zahlleldt
827 3326 844 3380 l.
871 3344 893 3381 c.
917 3343 941 3394 p.
969 3326 1003 3378 24
1028 3341 1069 3394 sq.
1113 3327 1153 3379 Ea
1180 3342 1248 3394 quae
1276 3328 1338 3378 sunt

275 3418 296 3484 Ι,
316 3420 398 3486 59,1;
417 3419 453 3488 H,
472 3421 497 3486 4,
509 3418 543 3470 22
561 3434 615 3471 non
633 3421 704 3470 recte
723 3419 850 3472 lemmata
868 3434 926 3472 esse
946 3420 1022 3486 putat
1033 3418 1194 3486 Neltlesbip.
1216 3415 1338 3488 (Journal

158 3560 162 3566 .
277 3510 306 3564 ol
321 3510 459 3580 philology
477 3511 537 3564 Vll.
558 3510 650 3580 (1877)
668 3526 694 3578 p.
716 3511 765 3564 173
785 3511 836 3578 sq.)

383 3601 409 3671 3)
429 3603 590 3672 Fragmenta
614 3602 684 3654 hano
707 3601 867 3671 particulam
891 3602 1019 3669 praebent
1042 3617 1074 3655 ea
1103 3617 1171 3669 quae
1194 3603 1339 3668 supersunt
1421 3589 1422 3592 ¹

277 3693 407 3747 librorum
430 3694 462 3746 de
489 3693 547 3747 vita
565 3709 625 3760 pop.
644 3693 720 3748 Rom.
743 3692 760 3745 l.
785 3709 807 3746 c.
830 3710 856 3760 p.
876 3693 918 3761 27,
931 3694 980 3748 4οε
1011 3688 1131 3747 ‘Minoris
1159 3695 1225 3746 natu
1252 3691 1336 3759 eapite
1421 3765 1422 3770 Ἰ

277 3786 367 3853 aperto
386 3786 469 3852 erant,
488 3785 583 3852 capillo
602 3801 671 3853 pexo
689 3785 783 3852 utique
806 3785 915 3838 innexis
940 3774 1078 3852 crinibus',
1107 3800 1188 3852 quam
1216 3783 1336 3838 codicum

276 3877 419 3930 lectionem
444 3877 546 3944 Popma
573 3877 603 3930 in
626 3868 772 3944 ‘vittisque'
798 3877 914 3931 mutavit
942 3875 1118 3944 probavitque
1143 3875 1279 3930 Kettnero.
1301 3904 1335 3914 —
1421 3889 1422 3933 i

277 3968 401 4036 Denique
428 3984 482 4022 non
509 3969 630 4022 omittam
653 3964 857 4022 Lachmannum
884 3969 918 4024 ad
943 3967 1022 4022 Lucr.
1041 3967 1088 4034 IV,
1108 3967 1161 4023 638
1188 3969 1333 4034 observare,

278 4060 480 4128 antiquissimos
511 4052 619 4129 ‘utique'
650 4075 705 4114 non
732 4060 841 4129 dixisse,
867 4063 1004 4129 poetarum
1035 4075 1099 4114 vero
1130 4060 1202 4128 apud
1233 4057 1334 4112 nullinn
1421 4051 1422 4121 ,

277 4151 348 4204 hanc
360 4151 520 4220 particulam
538 4153 590 4206 sibi
609 4168 667 4206 esse
685 4151 791 4206 lectam.
