2908 4846
810 377 851 440 96

303 566 583 648 corruptissimum
608 569 860 628 consentaneum
885 569 946 644 est3
983 565 1016 628 id
1052 565 1137 646 quod
1165 567 1229 629 iam
1252 567 1374 630 multis

300 675 463 739 veteribus
492 675 606 736 horum
635 673 791 736 librorum
824 673 1053 756 interpretibus
1077 675 1253 738 constabat.
1301 675 1372 738 Sed

301 804 381 866 quas
395 785 550 872 iecerunt
573 784 772 846 coniecturas
797 781 1013 866 Scaligerus,¹l
1038 782 1212 865 Ursinus&
1232 784 1372 848 Schnei-

300 889 431 974 derusfll
456 888 545 971 alii‚4)
570 910 682 955 omnes
707 893 833 956 silentio
850 895 1079 975 praetermitto,
1103 895 1255 975 quoniam
1273 895 1372 956 nulla

299 1023 408 1066 earum
435 1002 626 1066 offensiones
660 1002 733 1064 illae
769 1022 849 1083 quas
885 1002 952 1063 dixi
977 1001 1120 1065 sublatae
1144 1010 1227 1066 sunt.
1274 1002 1372 1078 Quas

300 1131 346 1193 ea‚
383 1100 479 1193 quam
502 1113 570 1194 ipse
605 1113 715 1175 inveni
740 1111 917 1190 lectionem,
951 1111 1045 1173 tollit:
1079 1105 1251 1176 ‘Mammas
1275 1115 1371 1176 enim

299 1222 411 1301 rumiS,
434 1222 461 1283 si
484 1240 599 1284 verum
624 1223 746 1304 opinor,
769 1221 895 1302 antiqui
913 1219 1073 1298 dicebant3
1099 1242 1117 1284 a
1140 1224 1225 1285 romi
1245 1223 1370 1286 deinde

300 1330 400 1409 (codd.
421 1322 588 1414 ‘et-inde')
612 1330 764 1392 dicuntur
787 1328 941 1394 Subrumi
965 1330 1041 1412 agni
1062 1329 1262 1400 lactentes'5)

405 1439 516 1503 Restat
531 1447 568 1502 ut
585 1440 623 1502 de
640 1440 738 1502 altero
753 1439 809 1503 illo
828 1439 897 1502 loeo
914 1438 1067 1502 disseram
1082 1442 1139 1521 qui
1152 1441 1266 1522 estlll,
1281 1440 1311 1522 7,
1330 1444 1369 1519 ὃς

301 1549 354 1612 ubi
379 1554 539 1632 pastorem
563 1548 796 1611 columbarium
831 1567 912 1630 quae
935 1549 1040 1612 faeere
1072 1555 1216 1631 oporteat
1239 1549 1370 1614 Merula

299 1661 439 1742 exponit.
485 1657 526 1720 Et
549 1658 609 1721 hoo
633 1658 762 1741 quidem
786 1658 855 1721 loco
879 1666 1045 1741 praecepta
1069 1659 1116 1720 illi
1134 1659 1250 1722 dantur
1266 1661 1366 1724 haee:

296 1761 423 1851 ‘ltaque
446 1773 605 1850 pastorem
629 1767 863 1830 columbarium
887 1773 1044 1850 quotquot
1067 1768 1234 1832 mensibus
1251 1769 1368 1832 crebro

301 1883 423 1961 oportet
445 1895 599 1940 everrere.
624 1915 665 1921 —
691 1876 765 1940 Sive
790 1895 872 1958 quae
896 1877 1044 1940 columba
1077 1879 1155 1960 quid
1188 1879 1368 1958 offenderit,

301 1993 337 2049 ut
360 1986 534 2049 medeatur.
581 1985 614 2048 Si
640 2007 703 2068 qua
726 1987 862 2068 perierit,
887 1992 923 2049 ut
947 1987 1103 2050 efferatur.
1150 1987 1183 2051 Si
1207 1990 1263 2070 qui
1281 1989 1368 2070 pulli

300 2097 408 2160 idonei
432 2103 508 2159 sunt
531 2096 570 2158 ad
594 2095 809 2176 vendendum,
833 2096 976 2178 promat’.
1031 2096 1104 2160 Sive
1122 2097 1311 2179 particulam
1339 2099 1367 2159 si

302 2209 374 2289 quis
398 2214 506 2270 tenere
529 2206 615 2282 velit,
648 2224 711 2268 non
748 2204 839 2267 aliter
860 2205 1038 2289 intelligere
1062 2207 1163 2289 possit
1187 2226 1284 2288 quam
1309 2226 1366 2288 po-

301 2319 397 2380 situm
432 2335 488 2397 pro
514 2308 585 2378 ‘aut
609 2315 655 2377 si’.
703 2317 748 2377 At
778 2316 812 2376 in
840 2315 1028 2378 huiusmodi
1063 2316 1366 2380 enumerationibus
1450 2373 1451 2403 q

300 2446 477 2508 numquam
500 2417 572 2487 ‘Ve’
598 2445 616 2486 a
641 2424 785 2487 Varrone
809 2426 948 2507 positum
972 2432 1102 2488 estnec
1126 2426 1204 2508 quid
1228 2426 1288 2488 sibi
1311 2426 1366 2487 hio

299 2536 378 2598 velit
401 2529 532 2616 videoG).
579 2532 684 2607 Quare
709 2534 794 2615 quod
819 2534 916 2598 huius
940 2536 1114 2617 particulae
1138 2536 1199 2596 tria
1216 2535 1366 2617 exempla

407 2823 434 2888 1)
453 2817 581 2874 ¹blamma
599 2819 671 2871 enim
690 2819 786 2888 rumis,
806 2818 864 2871 sire
877 2821 980 2874 rumin:
1000 2837 1030 2873 ea
1044 2837 1080 2890 re,
1099 2821 1211 2886 atarto,
1231 2819 1365 2886 dicebant,

301 2913 422 2967 arumi'.
1448 2967 1449 2974 χ

407 3007 434 3070 2)
452 2997 579 3056 ‘ulamma
592 3002 664 3053 enim
678 3002 762 3054 rumis
776 3002 834 3055 sive
854 3004 968 3072 rumina,
988 3006 1092 3057 utente
1106 2997 1243 3058 dicebant:
1263 3002 1362 3055 ammi
1448 2998 1449 3015 ¹

302 3097 363 3150 inde
383 3097 511 3149 dicuntur
530 3093 651 3147 subrumi
670 3094 734 3162 agni
751 3094 898 3148 lactentes'.

407 3189 434 3256 3)
453 3187 593 3240 ‘Mammas
612 3185 682 3238 enim
703 3186 788 3238 rumis
807 3186 865 3239 sive
885 3189 992 3242 rumina
1010 3191 1071 3242 anto
1090 3187 1226 3242 dicebant:
1255 3189 1281 3240 et
1297 3186 1363 3238 inde

301 3281 428 3334 dicuntur
456 3277 578 3330 subrurni
607 3318 611 3328 .
633 3319 637 3328 .
658 3278 671 3327 .'
709 3275 754 3329 Sie
774 3277 954 3334 Schneiderus
982 3281 1032 3334 hoo
1060 3279 1118 3334 loeo
1137 3278 1259 3332 Pliniano
1286 3277 1363 3330 nisus

302 3370 387 3437 15,18
414 3366 499 3438 ‘Lupa
525 3367 672 3421 infantibus
700 3368 830 3436 praebens
848 3386 956 3437 rumen3
985 3372 1024 3425 ita
1051 3372 1181 3425 vocabant
1208 3371 1359 3423 mammam*

301 3463 357 3530 (eir.
377 3461 504 3528 Pompon.
525 3477 590 3514 oum.
608 3479 634 3514 r.
655 3463 706 3515 152
725 3476 766 3527 ap.
786 3459 914 3514 Ribbeck.
934 3462 1010 3516 Scen.
1031 3477 1101 3529 poes¹
1121 3461 1167 3514 rel.
1187 3460 1238 3514 vol.
1257 3460 1301 3528 ΙΙ.)
1446 3533 1447 3538 ¹

406 3555 434 3618 4)
453 3553 479 3606 O.
494 3552 521 3605 F.
531 3553 575 3606 W.
590 3551 736 3605 Muellerus
748 3552 798 3605 sio:
818 3550 960 3608 ‘Mammas
974 3555 1046 3606 enim
1059 3553 1143 3607 rumis
1166 3553 1235 3620 [sive
1247 3553 1360 3620 romae],

300 3649 404 3700 utente
418 3646 547 3713 dicebam,
567 3644 684 3711 arumi’,
705 3660 784 3712 quam
805 3643 985 3699 coniecturam
997 3645 1042 3699 vel
1054 3647 1161 3719 propter
1173 3645 1358 3714 imperfectum

301 3743 406 3807 tempus
434 3733 571 3790 ‘dicebam'
597 3736 717 3804 repudio.
755 3736 807 3790 Sed
835 3737 915 3790 etiam
943 3731 1030 3803 ‘autel
1060 3753 1139 3804 quam
1167 3752 1261 3790 vocem
1287 3735 1358 3788 idem

301 3830 450 3900 significare
471 3828 528 3882 vult
548 3828 618 3896 quod
638 3827 736 3897 'supra'
758 3828 784 3895 (i.
799 3845 821 3882 e.
835 3828 869 3883 Π,
885 3830 974 3896 1,20),
994 3844 1131 3899 nunquam
1150 3826 1220 3895 apud
1240 3827 1357 3877 nostrum
1445 3851 1446 3860 κ

300 3922 339 3974 sio
358 3921 463 3989 legitur.

406 4013 433 4082 5)
453 4013 543 4066 Verba
561 4012 586 4066 'a
604 4011 681 4065 laote'
701 4012 845 4068 subditicio
863 4029 921 4067 esse
940 4030 1001 4066 omn
1015 4012 1149 4081 Scaligero
1162 4008 1248 4060 oredo.
1268 4037 1299 4044 -
1319 4007 1358 4061 De

299 4104 426 4158 hocloco
446 4104 493 4156 etr.
513 4103 643 4172 Logistor.
663 4103 712 4172 lrg.
731 4102 749 4160 l.
769 4120 792 4158 o.
813 4123 837 4175 p.
857 4104 917 4176 248,
928 4106 951 4157 7.

406 4195 433 4264 6)
452 4195 575 4249 Fortasse
594 4195 766 4249 scribendum
785 4198 826 4249 est
850 4196 889 4250 ‘si’
909 4213 957 4268 pro
980 4195 1067 4250 ‘sivo'z
1094 4211 1162 4264 quae
1181 4190 1308 4245 oorreotio
1327 4208 1358 4246 eo
1444 4225 1445 4237 κ
