2908 4846
792 350 849 412 110

286 540 382 603 debet
414 542 447 601 in
484 534 653 602 scribendo
684 555 750 598 non
783 536 902 598 vidisse
934 555 1055 616 verum,
1090 557 1156 601 non
1186 539 1259 601 ideo
1284 560 1349 602 non

286 666 380 732 posse
405 645 501 710 scribi
524 643 656 707 vernm’.

394 756 433 818 ln
458 775 522 837 quo
546 756 687 837 primum
705 755 848 836 vitupero
864 754 1034 817 formulam
1052 775 1136 837 quae
1152 762 1201 819 est
1213 748 1348 836 ‘ita-nt,

288 867 405 929 deinde
425 857 467 927 ‘si
491 863 595 927 etiam’
619 882 676 946 pro
696 854 845 926 ‘etiamsi'
868 861 1058 946 positum;¹)
1087 870 1156 928 tum
1180 866 1352 929 artificiose

207 1061 209 1066 ἲ
288 981 436 1056 tortoque
460 973 689 1056 interpretandi
712 973 883 1051 rationcm3
916 974 1054 1056 denique
1088 994 1185 1057 quem
1213 976 1253 1037 ad
1278 995 1352 1038 sen-

287 1106 362 1149 sum
385 1089 449 1146 tota
474 1084 573 1146 oratio
598 1082 747 1145 decurrat
769 1083 864 1165 plane
888 1083 1063 1148 obscuram
1087 1089 1143 1146 est.

395 1192 463 1276 Ego
495 1192 666 1276 legendum
700 1210 769 1255 esse
802 1191 938 1255 arbitror
969 1195 1029 1256 sic:
1063 1186 1174 1276 ‘quom
1206 1191 1351 1275 tamen,2)

288 1309 325 1366 ut
348 1298 502 1385 dicitur,3)
527 1321 590 1364 non
615 1303 656 1364 sit
680 1322 730 1366 ars
755 1302 810 1364 sed
834 1302 949 1365 artifex
968 1303 1258 1384 reprehendendus,
1293 1305 1351 1386 qni

289 1412 383 1476 debet
414 1414 447 1474 in
481 1409 649 1473 scribendo
680 1429 745 1472 non
779 1411 896 1472 vidisse
928 1431 1051 1489 verum,
1084 1432 1149 1474 non
1179 1413 1250 1476 ideo
1283 1433 1351 1474 non

285 1542 380 1606 posse
403 1520 498 1584 scribi
521 1519 654 1582 vernm’.

393 1631 484 1694 Haec
507 1629 607 1692 habco
632 1648 715 1710 quae
740 1629 778 1692 de
802 1628 861 1691 hoc
885 1629 953 1691 loco
978 1629 1095 1691 dicam:
1121 1635 1226 1692 tamen
1245 1632 1351 1712 prius-

287 1761 385 1826 quam
412 1740 451 1802 ab
475 1758 511 1802 eo
536 1737 708 1817 discedam,
732 1737 826 1800 liceat
850 1739 929 1800 mihi
952 1758 1028 1801 eum
1045 1759 1086 1802 ex
1105 1759 1175 1802 mea
1192 1742 1353 1802 sententia

286 1857 389 1914 totum
423 1847 610 1912 describere.
662 1845 714 1910 Sic
745 1848 846 1931 igitur
876 1847 963 1932 lego:
1001 1843 1092 1927 ‘Dea
1128 1868 1165 1911 eo
1199 1849 1283 1932 quod
1315 1850 1351 1910 in

286 1962 391 2044 priore
415 1957 496 2022 libro
520 1962 701 2019 extremum
724 1962 779 2036 est,
803 1956 874 2020 ideo
890 1977 956 2020 non
972 1977 1041 2020 esse
1060 1959 1239 2042 analogian,
1263 1959 1351 2039 quod

289 2071 345 2153 qui
370 2070 407 2132 de
432 2088 468 2132 ea
498 2068 691 2148 scripserint,
724 2070 781 2127 ant
803 2067 887 2128 inter
910 2086 944 2130 se
968 2087 1033 2129 non
1057 2068 1258 2139 conveniant,
1294 2073 1352 2130 aut

286 2183 321 2242 in
345 2178 464 2262 quibus
497 2177 700 2255 conveniant,
731 2193 767 2237 ea
791 2192 867 2237 cum
890 2177 1123 2239 consuetudine
1151 2177 1349 2259 discrepent:

286 2307 477 2372 perversum
514 2291 699 2366 utrumque.
756 2283 809 2347 Sic
844 2287 928 2348 enim
969 2287 1074 2348 omnis
1114 2285 1350 2368 repudiandum
1441 2367 1442 2374 ἵ

287 2398 348 2460 erit
371 2397 457 2474 artis,
482 2394 567 2477 quod
592 2399 623 2456 et
645 2395 678 2455 in
704 2395 863 2458 medicina
886 2397 973 2458 etin
998 2396 1121 2458 musica
1152 2399 1182 2457 et
1211 2396 1245 2457 in
1278 2395 1351 2457 aliis

287 2507 397 2570 multis
421 2506 604 2586 discrepant
627 2505 805 2587 scriptores,
827 2506 914 2581 item,
937 2505 969 2566 in
989 2503 1106 2586 quibus
1123 2501 1350 2591 conveniunt5)

287 2617 425 2698 scriptia,
458 2615 624 2678 scientiam
655 2613 826 2696 repudiant
850 2619 997 2691 naturac3
1030 2633 1129 2695 quom
1161 2631 1277 2689 tamen,
1315 2619 1353 2675 ut
1440 2645 1441 2661 ι

221 2775 223 2780 .
287 2725 414 2804 dicitur,
451 2743 517 2785 non
551 2725 592 2785 sit
624 2742 684 2803 ars,
723 2723 778 2784 sed
813 2722 928 2785 artifex
963 2722 1256 2806 reprehendendus,
1292 2724 1352 2803 qui

287 2832 382 2896 debet
412 2834 446 2894 in
479 2831 647 2896 scribendo
679 2850 745 2893 non
776 2831 895 2894 vidisse
929 2852 1051 2912 verum,
1089 2852 1155 2895 non
1184 2831 1256 2894 ideo
1283 2850 1353 2892 non
1439 2903 1440 2923 ,

287 2962 380 3026 posse
405 2941 501 3010 scribi
524 2940 656 3004 verum’.

395 3052 433 3114 ln
462 3050 553 3113 libris
584 3049 622 3111 de
646 3070 669 3112 r.
693 3070 717 3111 r.
742 3049 844 3111 Varro
879 3049 989 3112 eadem
1022 3069 1055 3113 se
1087 3050 1157 3133 lege
1190 3050 1355 3122 astrinxit,

288 3167 396 3223 tamen
420 3165 539 3222 utuno
556 3159 701 3222 hocloco
725 3158 750 3238 I,
768 3157 829 3239 9,3
850 3151 917 3220 ‘ita'
942 3159 1129 3240 particulam
1149 3158 1354 3240 praecedenti

284 3261 344 3331 ‘nt’
369 3269 613 3350 respondentem
636 3268 768 3330 faceret:
790 3259 859 3330 ‘Uti
883 3269 998 3331 horum
1023 3269 1199 3348 varietates,
1230 3269 1275 3330 ita
1298 3288 1355 3353 ge-

396 3533 423 3600 1)
441 3528 474 3585 ‘si
493 3531 579 3584 etiam'
601 3531 672 3598 apud
692 3530 835 3585 Varronem
857 3530 964 3584 omnino
983 3547 1037 3584 non
1054 3531 1160 3601 legitur.

396 3625 422 3690 2)
442 3623 486 3676 Sic
514 3639 575 3690 eg03
604 3622 679 3676 codd.
707 3617 787 3690 ‘quod
815 3622 869 3674 ita'.
916 3621 956 3674 De
983 3623 1109 3676 iunctura
1135 3618 1226 3692 ‘quom
1252 3625 1352 3676 tamen'

286 3717 337 3769 olr.
356 3714 405 3781 IX,
424 3714 494 3782 540,
513 3732 540 3782 p.
552 3713 613 3768 485.

395 3807 422 3875 3)
441 3805 481 3858 “ut
499 3805 605 3859 dicitur'
626 3806 644 3859 i.
663 3821 686 3862 e,
707 3806 738 3858 de
763 3810 819 3858 arte
848 3809 889 3858 est
911 3821 966 3858 una
993 3806 1118 3859 omnibns
1143 3806 1275 3860 sententia
1302 3805 1353 3874 (sc.
1435 3825 1436 3866 ι

290 3914 344 3952 non
363 3913 421 3952 earn
442 3915 500 3951 esse
519 3896 777 3966 reprehendendam,
796 3897 844 3949 sed
863 3895 1012 3966 artificem),
1032 3897 1064 3950 de
1077 3897 1200 3966 analogia
1212 3914 1265 3952 non
1277 3897 1352 3954 item.

394 3991 423 4060 4)
445 3990 481 4042 De
501 3989 551 4043 lroo
570 3988 717 4057 particulae
737 4004 788 4042 usu
806 4004 887 4056 supra
906 3987 1032 4043 diximus,

396 4082 424 4151 5)
443 4080 507 4135 Post
525 4082 575 4134 hoc
596 4081 706 4133 verbum
728 4080 756 4131 in
770 4079 845 4134 codd.
865 4083 906 4132 est
924 4075 979 4147 ‘ut',
999 4084 1092 4133 natum
1106 4097 1140 4132 ex
1152 4079 1255 4134 ultimis
1268 4080 1354 4133 literis

288 4173 365 4226 verbi
383 4163 564 4226 ¹'conveniunt'
587 4170 709 4240 (Maeli).
