2908 4846
645 376 767 459 ar

118 580 179 666 (ΙΙ,
207 581 234 662 1,
259 565 323 660 223·
346 584 396 662 11,
421 584 438 642 5
466 619 506 626 --
530 582 588 656 HI,
615 585 642 660 l,
669 585 701 664 ὁ)
724 584 774 646 his
796 584 1100 668 librisexpellenda
1115 607 1184 650 esse

3 695 4 764 l
118 693 282 771 videntur,
318 711 354 788 ea
391 711 457 754 uno
490 691 550 754 hoc
586 693 656 754 loco
691 693 809 775 legitur
831 693 873 774 ΙΙ,
910 695 938 775 l,
974 695 992 756 3
1027 713 1127 778 eaque
1149 698 1184 759 in

117 802 258 865 formula
283 821 365 885 quae
390 806 438 864 est
459 792 541 863 ‘sire
565 839 607 845 —
632 801 719 864 sive’.
766 802 867 865 Plane
899 804 1000 886 igitur
1027 805 1111 868 idem
1137 815 1186 869 est

118 913 219 975 huius
242 911 419 994 particulae
452 929 533 972 usus
565 910 714 973 inlibris
748 912 786 974 de
810 932 834 974 r.
859 933 882 974 r.
910 933 1006 996 quem
1036 915 1070 976 in
1094 915 1184 978 libris

117 1022 161 1084 de
184 1022 203 1083 l.
226 1023 245 1083 l.
270 1021 550 1102 observavimus.¹)

226 1128 407 1193 Particulae
443 1150 526 1213 quae
560 1135 608 1192 est
641 1131 750 1217 ltaque
783 1150 849 1193 non
889 1135 993 1195 totum
1028 1132 1184 1199 Varronis

120 1259 216 1301 nsum
242 1257 413 1326 exponam,
437 1239 493 1301 sed
518 1259 555 1302 ea
578 1245 703 1303 tantum
728 1241 875 1323 exempla
894 1244 1084 1306 examinabo
1102 1265 1184 1327 quae

120 1348 222 1411 altero
247 1367 317 1411 eam
340 1349 409 1410 loco
433 1349 568 1431 positam
593 1348 723 1412 habent:
761 1369 844 1433 quae
868 1353 984 1428 omnia,
1018 1355 1184 1417 utstatim

118 1477 226 1520 meam
243 1458 282 1520 de
306 1459 346 1519 iis
364 1458 554 1520 sententiam
573 1458 739 1539 proferam,
763 1459 915 1521 mendosa
939 1478 1009 1522 esse
1026 1463 1184 1526 existimo

118 1567 206 1630 Sunt
229 1572 336 1630 autem
360 1567 451 1630 haec:
476 1565 536 1643 IX,
561 1565 580 1650 ξ
604 1568 657 1648 41,
679 1590 707 1650 p.
732 1569 796 1630 485
822 1570 878 1650 qui
900 1568 992 1631 locus
1015 1569 1114 1650 vulgo
1138 1571 1184 1632 sic

3 1733 4 1738 ,
117 1676 250 1758 legitur:
284 1665 350 1738 ‘Sic
375 1676 437 1738 dici
460 1677 566 1739 virum
587 1675 791 1759 'Perpennam
815 1681 850 1740 ut
869 1675 1078 1761 Alphenam2)
1112 1698 1184 1740 rnu-

118 1785 214 1846 liebri
237 1785 348 1863 forma,
383 1791 414 1849 et
448 1792 559 1848 contra
582 1787 736 1870 parietem
770 1792 807 1849 ut
830 1786 964 1850 abietem
989 1806 1059 1850 esse
1082 1786 1185 1849 forma

120 1895 267 1975 similem,
296 1914 371 1957 cum
395 1895 530 1958 alterum
553 1895 749 1958 vocabulum
775 1895 900 1958 dicatur
922 1897 1023 1974 virile,
1047 1897 1185 1960 alterum

120 2004 286 2081 muliebre,
322 2011 353 2066 et
380 2009 554 2085 utrumque
585 2011 701 2068 natura
723 2009 887 2088 neutrum.
934 2005 986 2068 Sic
1013 2008 1124 2087 itaquo
1148 2025 1185 2067 ea

120 2107 227 2176 virilia
258 2113 405 2194 dicimus,
428 2133 493 2176 non
519 2133 600 2194 quae
617 2114 723 2175 virum
747 2113 938 2197 significant,
974 2114 1030 2177 sed
1065 2112 1184 2196 quibus

119 2224 329 2305 proponimus
362 2221 425 2285 Hic
461 2228 491 2285 et
514 2221 568 2302 Hi,
605 2227 636 2285 et
668 2224 713 2284 sic
737 2222 914 2305 muliebria,
937 2225 972 2286 in
997 2221 1114 2304 quibus
1138 2222 1184 2284 di-

121 2351 193 2394 cere
216 2333 377 2413 possimus
400 2321 495 2394 Haec⁴
514 2338 569 2394 aut
592 2331 684 2395 Hae’.

230 2427 406 2504 Offensioni
440 2443 469 2503 h.
504 2442 524 2503 l.
549 2444 597 2504 est
629 2433 771 2525 ‘itaque’,
807 2441 904 2504 altero
935 2441 1004 2503 loco
1032 2444 1182 2524 positum;

123 2549 238 2611 deinde
260 2551 294 2612 in
317 2551 581 2632 praecedentibus
605 2551 712 2614 verbis
737 2569 821 2634 quae
845 2555 922 2614 sunt
941 2541 1029 2612 ‘cum
1047 2552 1183 2614 alterum

121 2658 315 2722 vocabulum
340 2659 465 2723 dicatur
487 2660 589 2739 virile,
613 2660 749 2723 alterum
766 2658 932 2740 muliebre,
956 2665 987 2722 et
1006 2665 1183 2744 utrumque

122 2773 238 2831 natura
261 2769 422 2832 neutrum'
456 2769 541 2851 quod
573 2789 771 2852 opponamus
796 2768 893 2832 verbo
915 2761 1075 2850 tdicatur',
1107 2768 1183 2832 sub-

123 2879 298 2940 stantivum
322 2877 457 2942 verbum
482 2878 711 2941 desideramus.
758 2876 850 2952 Quod
883 2878 1046 2941 lenissima
1078 2884 1183 2942 muta-

122 2988 207 3050 tione
230 2989 394 3070 reponitur
418 2989 477 3051 sic:
509 2979 597 3050 ‘cum
630 2989 767 3051 alterurn
799 2987 993 3051 vocabulum
1029 2986 1184 3050 dicatur

123 3099 224 3179 virile,
255 3097 389 3160 alterum
422 3094 588 3178 muliebre,
620 3103 649 3160 et
683 3103 856 3178 utrumque
889 3102 1005 3159 natura
1028 3102 1183 3159 neutrum

122 3210 187 3271 sit.
235 3205 461 3289 ltaque...'.

227 3314 287 3396 IX,
320 3315 414 3397 ξ47,
447 3336 476 3398 p.
514 3317 579 3378 489
612 3316 768 3380 editiones
800 3317 921 3379 multae
953 3315 998 3378 sic
1023 3313 1183 3377 scribunt:

118 3419 184 3489 ‘Ad
208 3445 290 3507 quae
314 3426 384 3488 dico
410 3444 474 3487 non
499 3423 777 3489 dissimilitudines
801 3443 929 3507 quoque
954 3425 1063 3505 sequi,
1089 3441 1185 3505 saepe

125 3671 293 3740 potissimum
312 3671 515 3724 commendatur·
543 3671 613 3738 quod
641 3670 780 3738 sequentia
799 3685 904 3738 quoque
932 3667 1070 3722 enuntiata
1088 3683 1104 3721 a
1121 3683 1184 3736 par·-

119 3761 204 3815 ticula
223 3763 261 3816 ‘si'
282 3763 430 3816 ordiuntur.

230 3855 256 3923 l)
280 3853 356 3919 Quod
381 3853 463 3922 vulgo
490 3853 647 3906 inscribitur
676 3852 718 3906 ‘ll
747 3849 853 3905 Terenti
878 3851 1009 3904 Varronis
1035 3849 1184 3917 imaginum

120 3947 178 4000 sive
197 3944 394 3999 hebdomadum
412 3944 481 3998 libri'
501 3945 529 3997 id
548 3961 602 3997 non
620 3947 694 3998 recte
710 3942 823 3996 inscribi
842 3942 975 3997 existimo.
995 3972 1029 3980 -
1047 3941 1080 3994 ln
1098 3941 1184 4006 gemi-

119 4039 164 4090 nis
182 4035 397 4105 logistoricorum
409 4036 631 4105 inscriptionibus
642 4035 709 4088 haec
723 4032 853 4104 particula
865 4047 1012 4101 numquam
1023 4032 1121 4087 tradita
1133 4034 1183 4086 est.

228 4128 255 4194 2)
274 4127 318 4181 Sic
335 4126 493 4181 Muellerus:
514 4131 577 4180 ‘Aut
596 4124 709 4197 plenam’
730 4125 805 4182 codd.
826 4127 889 4194 ,Aut
906 4125 937 4179 P.
950 4123 1078 4178 Lrenam’
1097 4124 1182 4194 Spen-

119 4217 172 4288 gel.
192 4216 263 4286 (Sed.
283 4220 330 4274 cfr.
349 4217 424 4287 VIH,
443 4219 458 4287 ξ
477 4219 531 4288 41.)

1004 4320 1020 4372 7
