2888 4854
808 326 850 388 42

291 513 381 578 setet'
417 519 448 576 θῖ
473 511 689 594 ‘redigeretur'
706 511 824 574 falsum
848 531 917 581 esse
934 520 1076 594 apparea
1101 529 1253 593 praesens
1267 514 1373 579 enirn,

290 643 355 686 non
379 621 602 704 imperfectum
627 626 754 703 tempus
777 620 964 703 postulatur.
987 619 1029 682 Et
1045 626 1170 702 praesto
1194 625 1242 684 est
1267 621 1371 684 lenis-

243 811 245 815 ,
290 734 371 795 sima
393 733 563 812 medicina,
588 751 685 812 quam
700 732 863 793 neminem
879 730 1042 793 iuvenisse
1066 733 1177 808 miror3
1203 731 1248 792 sic
1275 732 1368 792 enim

289 842 344 904 illa
379 841 551 905 difficultas
590 839 730 903 tollenda
768 844 816 902 est
846 877 874 884 —
906 838 1025 900 ‘utrum
1050 839 1176 901 dicatur
1211 839 1368 923 analogia

290 970 360 1015 esse
384 972 424 1014 an
449 952 497 1013 uti
521 955 665 1033 oportere
689 947 907 1030 et1·cdigere.’
938 1023 943 1030 1

398 1059 440 1122 Εῖ
465 1059 551 1142 quod
575 1057 730 1120 mutando
748 1057 837 1120 effeci
858 1057 1012 1140 ‘oportere
1037 1057 1077 1120 et'
1095 1058 1173 1141 quid
1190 1057 1251 1120 sibi
1278 1059 1367 1136 velit,

290 1189 332 1234 ex
357 1167 375 1254 §
400 1172 429 1231 l.
454 1171 568 1248 elucet,
591 1167 648 1230 ubi
671 1167 774 1230 Varro
800 1167 921 1229 ‘Aliud’
945 1169 1052 1250 inquit
1077 1167 1135 1230 ‘est
1159 1167 1265 1230 dicere
1292 1187 1365 1230 rer-

289 1279 405 1342 borum
444 1278 624 1360 analogias,
654 1277 743 1339 aliud
779 1275 883 1339 dicere
920 1278 967 1338 uti
991 1282 1134 1358 oportere
1158 1275 1365 1360 analogiis.⁷1l

197 1385 222 1426 Ψ
292 1389 443 1452 Alterum
467 1393 574 1450 autem
601 1388 685 1469 quod
711 1387 835 1449 mutavi
859 1385 1034 1468 redigere,
1058 1405 1132 1448 cum
1158 1385 1197 1447 de
1224 1404 1290 1447 usu
1316 1385 1364 1446 di-

290 1503 390 1576 catur,
414 1498 459 1560 sic
483 1497 729 1580 intelligendum
754 1502 801 1559 est
825 1502 870 1576 ut,
895 1495 1113 1577 quodcunque
1148 1496 1183 1556 in
1206 1514 1270 1557 usu
1289 1514 1362 1556 ver-

290 1606 366 1669 bum
404 1611 513 1668 eontm
544 1607 724 1689 analogiam
756 1610 877 1687 peccet,
902 1605 942 1667 ad
980 1624 1049 1668 eam
1084 1605 1117 1666 id
1145 1605 1361 1688 redigendum

291 1734 362 1778 esse
386 1714 551 1797 significet.
587 1715 700 1796 ltaque
717 1733 791 1777 cum
807 1713 943 1776 verbum
960 1713 1126 1798 ‘redigere'
1151 1714 1361 1776 vehementer

292 1824 450 1887 desideret
480 1843 517 1886 ea
551 1843 633 1907 quae
669 1828 745 1886 sunt
779 1821 830 1884 ‘ad
854 1822 935 1885 eam'
960 1824 989 1903 (i.
1020 1842 1045 1885 θ.
1071 1819 1303 1906 analogiaml2),
1327 1827 1359 1885 et

289 1934 392 2016 ipsam
416 1952 527 1996 uocem
545 1932 673 2013 ‘verba',
698 1937 733 1994 ut
757 1931 881 1995 dicatur
899 1931 1054 2016 ‘redigere
1078 1933 1118 1994 ad
1142 1952 1213 1994 eam
1236 1931 1359 2011 verba',

290 2042 430 2125 perbene
463 2042 578 2106 accidit
601 2048 638 2105 ut
672 2042 755 2104 infra
780 2047 959 2123 sequantur
983 2042 1067 2104 ‘inde
1099 2041 1249 2105 omnibus
1274 2041 1356 2122 dics,

292 2171 374 2234 quae
398 2153 496 2215 verba
520 2173 606 2216 unus
630 2151 805 2215 Muellerus
830 2153 989 2234 quomodo
1013 2153 1073 2215 hoc
1095 2153 1166 2214 loco
1185 2156 1268 2214 stare
1284 2170 1356 2234 pos-

291 2264 356 2324 sint
379 2281 413 2324 se
443 2281 510 2324 non
532 2261 709 2344 intelligere
744 2263 884 2344 ingenue
908 2263 1079 2326 confitetur
1108 2267 1138 2324 et
1161 2261 1315 2324 audacius
1339 2280 1355 2324 e

290 2373 533 2434 continuatione
557 2370 728 2433 verborum
762 2372 901 2454 expellit.
949 2371 988 2433 ln
1021 2391 1085 2453 quo
1118 2373 1202 2433 iusto
1227 2369 1356 2450 longius

288 2481 339 2542 vir
363 2481 477 2544 doctus
503 2499 693 2563 progressus
718 2499 788 2544 esse
812 2482 891 2544 mihi
907 2483 1050 2558 uidetur3
1077 2501 1136 2544 saio
1160 2486 1269 2543 alitem
1287 2479 1355 2540 loco

289 2590 367 2652 haec
407 2589 504 2652 verba
543 2596 626 2653 stare
667 2610 734 2652 non
772 2611 866 2673 posse
907 2592 1085 2654 rectissime
1124 2589 1355 2653 animadtertit.

288 2697 373 2762 Nam
397 2705 428 2762 et
447 2718 607 2764 conexum
624 2700 796 2764 verborum
820 2703 913 2784 plane
930 2705 1079 2763 evertunt
1102 2705 1133 2762 et
1155 2700 1216 2762 hoc
1238 2698 1353 2760 falsum

288 2809 421 2886 habent,
449 2810 535 2891 quod
571 2810 700 2874 dativus
730 2811 900 2874 ‘omnibus'
924 2830 980 2894 pro
1017 2809 1077 2872 ‘ab'
1112 2829 1185 2872 cum
1219 2807 1353 2870 ablativo

292 2938 372 2982 casu
397 2921 523 3000 positus
547 2925 603 2982 est.
651 2919 719 3003 Ego
753 2939 829 2983 uero
855 2921 959 2983 solum
985 2919 1068 2982 ‘clici'
1093 2918 1287 2981 vocabulum
1318 2921 1353 2978 ut

289 3028 372 3090 male
396 3030 570 3110 repetitum
607 3029 794 3112 delendum,
818 3037 922 3093 cetera
957 3035 1065 3092 autem
1100 3028 1297 3091 emendanda
1323 3032 1352 3088 ct

288 3138 529 3219 transponenda
553 3157 623 3201 esse
647 3158 761 3203 censeo
787 3142 850 3203 sic:
877 3179 905 3187 -
941 3139 1118 3221 ‘intelleges
1142 3144 1251 3201 utrum
1271 3138 1350 3200 dica-

292 3251 346 3308 tur
370 3246 517 3330 analogia
541 3266 611 3310 esse
636 3268 676 3310 an
701 3251 749 3311 uti
773 3255 914 3332 oportere
938 3255 969 3312 et
992 3245 1162 3332 redigeret)
1198 3248 1241 3310 ad
1277 3267 1348 3310 eam

289 3352 435 3435 vernae)
459 3392 501 3400 -
525 3360 633 3439 Atque
657 3363 694 3420 ut
718 3365 823 3422 cetera
855 3377 896 3420 ex
920 3378 990 3422 mea
1015 3360 1163 3440 opinione
1188 3357 1347 3422 scribenda

395 3601 420 3667 1)
440 3602 487 3656 cfr.
508 3603 604 3658 Christ.
623 3604 720 3658 Philol.
740 3605 814 3658 XVI.
833 3623 858 3671 p.
877 3605 937 3659 458.

394 3695 422 3764 2)
441 3693 515 3747 Haeo
535 3695 710 3763 adcogitando
730 3697 847 3764 suppleri
868 3713 945 3764 posse
965 3713 1039 3764 nego.

393 3785 418 3853 3)
438 3785 587 3855 Redigendi
607 3788 721 3841 verbum
740 3789 832 3840 eadem
852 3788 954 3841 ratione
974 3787 1123 3840 adhibitum
1144 3792 1184 3842 est
1203 3791 1217 3856 ξ
1237 3789 1263 3841 9,
1281 3792 1340 3841 extr.

284 3871 424 3945 (redigere
443 3879 476 3930 ad
495 3879 653 3946 rationem').

389 3968 418 4038 4)
439 3969 482 4021 Sic
501 3986 549 4038 ego
568 3987 616 4038 pro
628 3971 727 4025 tradita
743 3971 858 4024 lectione
872 3971 943 4023 'inde
963 3969 1102 4024 omnibus!
1134 3973 1169 4025 nt
1180 3973 1262 4026 verba
1280 3987 1339 4039 quae

284 4061 347 4111 sunt
365 4055 407 4112 ‘ad
426 4061 493 4113 oaur'
513 4061 652 4116 leuissima
677 4062 839 4116 coiuectione
859 4063 949 4128 effeci3
978 4062 1087 4114 tertium
1107 4079 1169 4116 vero
1189 4063 1339 4116 vocabulum

283 4150 352 4203 illud
375 4148 481 4220 uerba,
509 4153 579 4219 quod
616 4152 644 4203 in
673 4154 762 4206 codice
790 4154 920 4222 scriptum
961 4155 1043 4208 luisse
1076 4155 1183 4208 ridetur·
1201 4152 1268 4208 ‘liba'
1288 4155 1338 4225 (clr.
