2908 4846
799 345 839 406 66

288 539 315 598 si
349 535 473 598 codices
505 536 680 618 sequimur,
716 538 846 599 omnino
882 555 945 598 non
971 540 1071 610 extat;
1106 541 1138 596 at
1161 536 1194 596 in
1218 534 1287 595 loco
1313 531 1356 596 V.
1439 601 1440 612 ,

289 645 306 725 ξ
328 643 400 725 151,
423 665 451 726 p.
471 641 542 724 151,
567 664 661 726 quem
686 645 811 708 codices
837 645 989 707 exhibent
1013 646 1072 708 sic:

395 752 500 828 <Quod
524 753 702 835 Syracusis,
725 754 782 816 ubi
808 755 846 816 de
870 773 967 817 causa
982 754 1220 832 custodiuntur,
1233 769 1356 813 vocan-

288 871 342 924 tur
365 861 524 943 latomiae,
547 869 577 926 et
601 863 639 926 de
663 861 835 926 Lautumia
859 865 1058 946 translatum,
1088 862 1174 946 quod
1197 861 1248 923 hic
1272 879 1357 941 quo-
1439 875 1440 880 ’

290 991 352 1054 que
376 974 410 1034 in
435 991 471 1035 eo
495 972 565 1035 loco
589 973 780 1055 lapidicinae
803 973 953 1036 fuerunt'

330 1085 331 1090 ’
393 1081 561 1146 Turnebus
585 1102 642 1165 pro
667 1082 774 1146 verbis
800 1082 840 1144 ‘et
865 1081 913 1144 de¹
942 1081 1053 1144 intulit
1078 1080 1227 1161 ‘exinde',
1252 1099 1356 1162 quam
1439 1161 1440 1172 ,

288 1193 506 1254 coniecturam
541 1191 731 1274 Spengelius
767 1193 916 1275 optimam
954 1192 1133 1254 arbitratur.
1180 1189 1246 1252 Nos
1281 1209 1355 1252 eam
1439 1185 1440 1188 ¹

287 1301 496 1383 repudiamus
521 1320 556 1362 ao
574 1299 765 1363 Muellerum
781 1302 887 1384 potius
905 1302 1071 1382 sequimur
1087 1295 1355 1380 lordanumque1)

287 1409 464 1473 scribentes
489 1407 619 1477 ‘inde'2l

394 1517 535 1580 Elibris
570 1519 609 1581 de
633 1540 656 1580 r.
685 1540 708 1581 r.
733 1521 831 1582 huius
866 1519 1042 1604 particulae
1077 1518 1222 1600 exempla
1255 1516 1355 1578 affero
1439 1511 1440 1536 ¹

288 1629 378 1690 haec:
403 1626 428 1705 I,
454 1625 505 1705 20,
529 1629 548 1688 l
573 1626 654 1707 (Alii
678 1630 793 1706 asellis,
819 1629 871 1692 alii
896 1627 1001 1691 vaccis
1025 1647 1061 1689 ac
1085 1627 1181 1689 mulis
1207 1631 1358 1716 utuntur,
1439 1613 1440 1662 ἶ

289 1736 405 1799 exinde
429 1741 465 1798 ut
487 1736 598 1819 pabuli
621 1738 755 1802 facultas
772 1746 826 1802 est.
873 1739 955 1801 Nam
972 1737 1100 1800 facilius
1117 1735 1236 1798 asellus
1252 1755 1355 1817 quam
1439 1725 1440 1748 ¹

292 1865 389 1908 vacca
413 1846 518 1924 alitur,
552 1848 607 1908 sed
631 1847 823 1912 fructuosior
847 1848 954 1928 haec),
987 1846 1011 1924 l,
1037 1849 1079 1908 24
1103 1843 1271 1929 (tl'aetum’
1297 1841 1356 1905 alii

291 1953 372 2016 CLX
394 1956 486 2016 aiunt
509 1973 579 2017 esse
603 1956 792 2037 modiorum,
816 1956 870 2018 alii
894 1958 938 2018 ita
963 1957 1070 2018 minus
1087 1975 1241 2038 magnum
1258 1959 1294 2015 ut
1312 1953 1354 2014 ad

292 2062 385 2126 CXX
409 2064 581 2127 descendat
594 2075 635 2127 et
659 2067 777 2129 exinde
802 2075 836 2128 ut
860 2086 937 2128 vasa
954 2066 1071 2127 olearia
1088 2071 1165 2146 quot
1181 2069 1212 2126 et
1232 2067 1356 2143 quanta

290 2173 439 2251 habeant)
463 2210 506 2218 —
531 2175 649 2255 quibus
681 2174 806 2237 duobus
839 2177 873 2236 in
897 2176 974 2236 locis
999 2174 1039 2235 ad
1062 2174 1299 2257 proportionem
1324 2179 1357 2233 et
1439 2223 1440 2240 ,

290 2258 447 2344 rationem
469 2282 553 2344 hanc
577 2303 688 2346 vocem
704 2285 813 2348 referri
832 2282 1014 2366 videmusss).
1029 2319 1069 2327 --
1085 2282 1241 2345 Primaria
1257 2282 1356 2344 huius

290 2392 468 2473 particulae
493 2383 683 2474 significatio
709 2413 805 2476 quam
829 2413 899 2456 esse
915 2392 1049 2456 localem
1073 2397 1197 2455 constat
1212 2391 1357 2453 cernitur
1439 2387 1440 2410 ¹

290 2501 316 2580 Ι,
341 2502 391 2581 28,
416 2499 445 2581 2,
478 2521 674 2583 quamquam
700 2504 739 2565 ad
763 2504 890 2585 tempus
915 2501 1159 2565 describendum
1184 2500 1354 2563 translata:

291 2610 341 2672 ‘ad
365 2611 602 2692 aequinoctium
628 2612 812 2676 autumnale
837 2613 903 2676 dies
925 2611 1058 2674 LXVII.
1083 2608 1185 2690 exin4)
1210 2611 1248 2672 ad
1273 2608 1357 2672 Ver-

289 2721 439 2802 giliarum
472 2739 622 2783 occasum
656 2722 724 2785 dies
751 2717 904 2785 xxxii)
930 2722 984 2785 cfr.
1009 2721 1034 2801 Ι,
1054 2719 1105 2795 31,
1130 2721 1164 2782 3:
1200 2721 1355 2802 ³(Palnra)

291 2829 375 2890 dicta
397 2832 499 2912 primo
523 2831 651 2894 videtur
674 2853 692 2894 a
716 2833 876 2914 pariendo,
909 2833 1074 2916 parilemm
1109 2833 1184 2894 exin
1220 2831 1355 2893 mutatis
1439 2871 1440 2896 t

242 2963 245 2968 ·
289 2938 398 3019 literis,
424 2947 458 3002 ut
480 2941 512 3000 iu
538 2942 658 3020 multis,
682 2941 744 3004 dici
767 2947 876 3024 coepta
900 2939 1054 3024 palma’.5)

398 3169 426 3229 1)
444 3166 553 3236 Topogr¹
574 3185 638 3222 rom.
657 3171 676 3222 l.
698 3188 722 3237 p.
743 3171 803 3226 507.

278 3329 280 3336 .
397 3257 425 3324 2)
446 3257 576 3322 Quoniam
595 3261 667 3314 hunc
687 3262 776 3316 locum
795 3263 941 3332 tetigimus,
961 3261 1110 3314 accuratius
1129 3262 1159 3314 in
1172 3267 1259 3314 uetera
1272 3261 1356 3313 verba

292 3349 428 3416 inquirere
448 3350 523 3403 nobis
541 3350 627 3404 liceat.
666 3351 695 3406 Ο.
707 3353 852 3406 Muellerus
871 3355 943 3407 enirn
962 3357 1022 3406 ante
1041 3352 1155 3406 alterum
1175 3352 1262 3421 ‘quod¹
1277 3353 1355 3408 addi-

291 3441 330 3491 dit
350 3440 418 3507 ‘vel’,
439 3459 518 3508 qumn
539 3445 730 3498 correctionem
750 3445 801 3498 loci
819 3446 905 3514 ipsius
925 3461 1006 3498 sensu
1023 3447 1051 3498 et
1062 3445 1190 3498 Varronis
1203 3461 1275 3498 more
1288 3445 1356 3498 satis

291 3533 472 3586 conmionduri
500 3535 574 3586 dicit.
614 3538 649 3587 At
673 3553 759 3606 neque
783 3552 885 3590 morem
907 3537 979 3590 hunc
1003 3536 1202 3590 Varronianum
1226 3535 1355 3604 intellego

291 3638 377 3692 neque
403 3623 453 3676 loci
480 3625 566 3692 ipsius
591 3644 672 3681 sensu
695 3627 761 3680 illud
789 3627 848 3680 ‘vel'
868 3629 997 3696 postulari
1016 3629 1105 3683 video.
1139 3629 1262 3682 Alterum
1280 3627 1355 3680 enim
1439 3685 1440 3694 ,

290 3713 356 3766 illud
385 3715 480 3784 quod’,
512 3717 541 3769 in
568 3719 646 3774 initio
676 3718 807 3772 enuntiati
832 3719 956 3787 positum,
987 3719 1144 3773 translatam
1172 3735 1229 3776 esse
1257 3733 1354 3771 vocem
1439 3701 1440 3768 l

291 3805 450 3859 Lautumiao
471 3809 578 3879 irati-ar,
605 3812 718 3866 alterum
738 3827 799 3864 vero
817 3810 906 3879 ipsam
925 3811 1041 3864 nominis
1060 3827 1169 3864 eausam
1188 3811 1354 3864 demonstrat

291 3896 324 3948 cf.
345 3899 372 3950 (3.
399 3899 423 3950 l.
447 3901 487 3954 b.
507 3902 620 3955 Mueller
637 3903 655 3955 l.
675 3919 697 3955 c.
717 3918 742 3970 p.
757 3901 808 3956 792
826 3919 854 3956 n.
873 3905 896 3962 1.

397 3991 427 4061 3)
449 3990 501 4046 Cfr.
521 3992 613 4060 Georg.
633 3993 763 4046 Wiohert.
784 3992 961 4046 ‘Lateinische
980 3993 1113 4047 Stillehre'
1133 4011 1158 4064 p.
1179 3995 1229 4049 137
1249 3993 1316 4047 extr.

397 4084 428 4151 4)
448 4084 489 4136 De
506 4086 556 4139 hac
575 4084 723 4152 particulae
735 4085 829 4153 forma,
847 4085 896 4140 cfr.
908 4085 1073 4139 Lachmann.
1093 4086 1126 4138 ad
1138 4087 1217 4140 Lucr.
1229 4083 1279 4150 ΠΙ,
1293 4083 1353 4140 159,

397 4175 426 4244 5)
445 4175 485 4228 De
503 4177 553 4230 hoc
572 4176 630 4230 loeo
649 4177 711 4229 vide
724 4176 844 4230 Keilium
863 4193 888 4246 p.
906 4176 950 4232 23.
971 4207 1004 4216 -
1018 4177 1069 4230 Hie
1090 4177 1157 4231 inihi
1169 4176 1249 4230 liceat
1261 4175 1356 4242 paucis
