2908 4846
649 399 689 463 87

133 583 294 667 analogia,
329 585 477 667 sequitur
498 590 534 649 ut
557 635 564 648 .
589 635 595 647 .
620 585 652 662 .’;
690 586 775 669 quod
804 589 1005 652 enuntiatum
1039 591 1198 670 paenulti-

132 712 224 756 mum
248 695 284 755 in
307 696 541 758 sententiarum
570 714 699 759 conexu
733 697 839 760 locum
874 697 1009 775 obtinet3
1045 698 1197 761 ultimum

132 802 233 865 huius
257 804 350 866 seriei
374 805 554 868 membrum
576 796 760 887 ‘postremo’
788 826 867 871 voce
889 808 923 869 in
948 807 1125 870 orationem
1148 808 1197 868 in-

132 912 273 975 ducitur.
286 949 328 958 —
347 914 438 977 Alter
449 915 503 978 ille
521 915 612 978 locus
628 919 676 978 est
696 913 756 995 IX,
776 916 795 996 ἕ
811 915 864 996 47,
885 936 915 998 p.
932 917 996 978 490
1022 914 1114 989 ‘Quis
1131 916 1197 977 -?

132 1019 215 1096 Quis
239 1023 303 1084 -P
352 1021 432 1097 Quis
456 1023 596 1106 denique
619 1029 725 1088 cetera
748 1025 823 1087 —P'

240 1129 353 1195 Restat
386 1137 423 1195 ut
458 1132 497 1196 de
527 1134 598 1196 loco
627 1133 792 1215 disseram,
824 1135 880 1216 qui
904 1152 922 1197 e
945 1133 1025 1196 falsa
1049 1132 1197 1196 codicum

128 1242 270 1304 lectione
311 1241 396 1304 hanc
437 1243 626 1324 particulam
666 1243 813 1323 ostendit,
849 1242 908 1324 IX,
940 1243 1032 1325 867,
1065 1263 1095 1332 p.
1118 1240 1196 1304 505:

4 1355 5 1370 ¹
126 1341 252 1424 ‘Quare
275 1352 310 1412 in
334 1357 469 1434 utraque
493 1351 634 1434 denique
666 1371 700 1416 re
724 1352 869 1416 scindere
902 1358 1060 1415 conantur
1090 1352 1197 1414 analo·

4 1507 5 1512 .
128 1459 240 1540 giam',
263 1459 321 1522 ubi
344 1479 411 1522 non
433 1465 519 1524 recte
551 1479 585 1524 se
609 1459 726 1524 habere
751 1460 910 1544 ‘denique’
944 1467 1196 1525 consentaneum

129 1573 190 1632 est.
235 1568 278 1632 Et
301 1568 335 1633 0,
359 1568 392 1632 F.
417 1568 466 1632 W.
491 1567 692 1650 Muellerusll
716 1571 763 1632 sic
786 1570 921 1633 iudicat:
945 1569 1044 1633 Nicbt
1061 1588 1097 1633 re
1113 1571 1196 1633 scin-

130 1678 218 1760 dere,
251 1679 392 1742 sondern
422 1679 604 1743 rescindere
637 1699 824 1742 zusammen
848 1700 891 1743 zu
915 1679 1093 1759 schreiben,
1115 1679 1196 1742 wird

130 1807 211 1850 man
233 1788 319 1851 wohl
342 1807 405 1862 von
428 1788 621 1853 vornherein
646 1790 712 1852 sich
736 1789 889 1852 versucht
921 1771 1042 1852 fliblen.
1089 1788 1133 1852 ils
1155 1789 1198 1851 ist

131 1913 176 1956 zu
198 1894 301 1958 lesen:
344 1896 462 1972 ‘Quare
494 1899 528 1960 in
558 1906 694 1982 utraque
717 1918 752 1962 re
775 1899 887 1981 inique
909 1899 1092 1962 rescindere
1115 1948 1122 1962 .
1147 1949 1153 1962 .
1180 1897 1197 1960 .’

131 2002 190 2068 cfr.
216 2004 235 2086 §
252 2005 303 2085 62,
325 2027 354 2089 p.
376 2008 437 2070 501
463 2006 646 2088 (Quocirca
667 2010 703 2070 in
718 2007 823 2071 tribus
838 2006 1012 2090 generibus
1027 2009 1197 2070 nominum

130 2113 245 2194 inique
268 2115 386 2179 tollunt
410 2115 640 2202 analogias’).)

242 2220 403 2297 Quoniam
427 2228 483 2308 qui
507 2246 586 2290 usus
611 2228 652 2290 sit
675 2225 773 2288 huius
797 2225 970 2308 particulae
992 2227 1028 2287 in
1049 2224 1141 2288 libris
1158 2224 1196 2288 de

131 2331 154 2393 1.
176 2331 197 2394 l.
220 2332 374 2413 diximus
396 2355 485 2398 nunc
509 2355 605 2418 quem
628 2335 702 2398 libri
726 2335 764 2398 de
787 2355 813 2400 r.
838 2356 862 2398 r.
887 2337 995 2417 scripti
1027 2333 1198 2399 ostendant

132 2441 310 2506 videamus.
359 2443 473 2526 ltaque
495 2446 634 2509 formula
658 2464 741 2528 qnae
764 2451 812 2508 est
840 2444 920 2508 ‘tum
945 2441 1096 2526 denique’
1130 2461 1197 2505 cer-

132 2552 224 2613 nitur
247 2552 297 2616 his
320 2553 413 2616 locis:
446 2553 472 2634 I,
496 2554 548 2635 64,
573 2554 607 2633 2,
642 2554 686 2636 ΙΙ,
715 2557 744 2635 2,
770 2557 825 2634 18,
859 2557 888 2630 5,
915 2553 969 2632 12,
1002 2551 1063 2632 ΠΙ,
1086 2549 1116 2632 9,
1141 2550 1196 2629 10,

134 2660 165 2741 9,
190 2661 245 2740 13,
272 2663 300 2743 9,
325 2663 366 2725 20
391 2664 563 2743 (11111111),
590 2663 618 2744 1,
642 2666 661 2725 2
686 2666 787 2743 (nunc
811 2664 863 2741 d).
911 2661 1046 2742 Deinde,
1075 2662 1115 2725 ad
1147 2680 1198 2723 ra-

131 2769 254 2833 tionem
288 2771 387 2836 huius
422 2773 578 2837 formulae
612 2774 723 2836 referri
757 2771 876 2837 debent
916 2772 1064 2854 exempla
1104 2771 1196 2833 haec:

132 2877 158 2958 1,
180 2881 214 2961 8,
237 2880 271 2959 6,
298 2882 350 2961 37,
373 2885 407 2960 4,
433 2882 474 2963 ΙΙ,
500 2882 527 2963 1,
552 2884 579 2944 5.

241 2987 463 3054 Enumerandi
502 2991 643 3074 denique
685 3010 820 3054 munere
853 2991 1001 3074 fungitur
1036 2987 1079 3070 II,
1109 2989 1137 3068 1,
1163 2989 1196 3066 9,

135 3097 164 3176 5,
189 3098 284 3160 5.-
306 3099 367 3181 ΙΠ,
390 3103 420 3180 2,
444 3101 477 3179 6,
505 3102 555 3182 14,
579 3099 637 3185 33)

240 3206 677 3279 Ρ1111111111111101110111111113
709 3212 896 3294 saepissime
931 3211 1000 3272 voci
1033 3227 1117 3290 quae
1149 3213 1197 3270 est

134 3312 240 3378 ‘alius'
264 3317 445 3400 adhaerere,
470 3321 513 3382 ita
535 3325 572 3382 ut
595 3319 720 3383 dicatur
740 3313 883 3383 ‘aliudve
907 3319 997 3402 quid'
1022 3323 1053 3382 et
1069 3317 1195 3381 similia.

241 3493 268 3562 1)
286 3492 304 3549 l.
322 3511 344 3550 c.
364 3512 390 3564 p.
410 3497 470 3552 794.

242 3584 271 3636 21
289 3584 461 3641 Madvicusl
487 3605 509 3642 c.
531 3609 555 3658 p.
568 3591 621 3644 176
640 3588 781 3658 ‘Ineptum'
800 3587 891 3658 inquit
914 3586 1197 3654 ι(1511111111,1155111111

132 3674 283 3729 ‘scinderet
325 3677 387 3731 Fuit
414 3679 510 3744 ‘Quare
533 3681 562 3732 in
586 3682 699 3748 utroque
726 3679 820 3748 inique
844 3678 1010 3732 rescindere'.
1047 3678 1100 3732 011.
1119 3678 1135 3747 ἓ
1153 3677 1196 3744 62,

134 3784 159 3836 p.
174 3766 225 3822 501
254 3767 296 3822 Ibi
319 3785 424 3840 quoque
444 3772 555 3841 ‘inique’
583 3772 759 3842 depravatum
781 3770 810 3822 in
835 3769 972 3825 codicibus
994 3772 1043 3838 est,
1069 3771 1101 3822 ut
1127 3770 1198 3822 esset

131 3857 172 3910 ‘in
190 3857 274 3926 quae'.

241 3949 270 4019 3)
288 3951 321 4004 ln
339 3953 496 4019 fragmentis
514 3957 555 4008 est
573 3957 621 4010 sat.
640 3955 711 4008 Men.
731 3971 754 4022 p.
774 3954 834 4021 181,
854 3954 907 4008 219
934 3955 1001 4007 ‘tum
1019 3953 1135 4023 denique
1154 3982 1197 4017 -,

133 4041 219 4108 cum’,
238 4042 273 4095 de
291 4042 348 4097 vita
367 4059 426 4113 pop.
444 4060 508 4098 rom.
528 4064 553 4116 p.
571 4048 614 4114 31,
630 4049 659 4100 11
681 4047 758 4100 ‘Cum
770 4073 813 4106 -,
833 4046 891 4096 tum
904 4044 1036 4114 denique’.
1049 4075 1083 4084 —
1103 4044 1197 4098 cetera

130 4132 282 4204 particulae
300 4133 425 4204 exempla
442 4139 506 4190 sunt
523 4138 552 4190 in
570 4141 618 4192 sat.
637 4139 707 4192 lien.
722 4155 745 4206 p.
761 4134 817 4194 168,
830 4134 880 4203 80,
901 4153 925 4204 p.
940 4136 1078 4205 172,126;
1097 4155 1121 4206 p.
1135 4134 1196 4203 190,

131 4227 187 4282 325
198 4225 245 4296 (i),
263 4243 288 4294 p.
302 4227 363 4297 204,
381 4228 442 4282 475.
478 4227 539 4282 Rer.
558 4229 612 4282 div.
633 4248 657 4298 p.
672 4231 733 4298 107,
745 4229 770 4283 5.
