2888 4854
812 343 855 433 'aa

395 554 470 619 Non
492 551 592 638 igitur
613 553 715 618 multo
739 553 831 619 aliter
852 574 904 619 me
928 555 1103 619 coniecisse
1133 552 1224 616 vides
1256 557 1355 636 alque
1413 600 1414 613 .

290 662 325 728 0.
349 661 542 728 Muellerum
566 663 772 729 scribentem:
808 664 864 729 ‘sic
888 665 951 729 alia
975 664 1133 747 quaedam
1156 662 1292 744 convivi,
1316 669 1354 727 ut

289 773 451 858 gausape'.
499 771 542 836 at
563 773 754 857 particulam
778 772 834 837 ‘ut'
866 792 941 837 oum
973 773 1162 856 praesertim
1192 771 1351 853 syllabam

290 891 445 964 quaeest
469 919 497 929 -
536 881 590 944 ‘vi'
615 886 778 965 sequatur,
802 882 952 946 facillime
975 902 994 946 a
1016 881 1145 945 librario
1170 883 1274 945 omitti
1294 902 1354 965 po·

286 993 388 1056 tuisse
424 994 497 1075 quis
531 992 647 1075 neget?
693 990 878 1056 Pronomen
910 996 1018 1056 autem
1041 991 1230 1074 ‘quaedam’,
1264 993 1351 1074 quod

287 1094 463 1167 Muellerus
496 1102 642 1178 coniecit,
681 1101 753 1164 ideo
788 1119 919 1184 prorsus
952 1103 1058 1181 reicio,
1093 1101 1179 1183 quod
1212 1101 1354 1164 formula

288 1209 382 1300 ‘alius
407 1210 553 1293 quidam'
577 1209 663 1293 apud
685 1209 865 1274 Vononem
889 1212 1020 1274 omnino
1043 1229 1205 1293 nusquam
1223 1212 1352 1292 legitur.

287 1316 340 1382 Sic
374 1320 460 1381 onim
498 1339 574 1382 cum
608 1338 687 1383 voce
719 1318 823 1383 ‘alius’
855 1321 1064 1402 conjunctum
1095 1321 1232 1403 legimns
1263 1321 1351 1404 apud

285 1431 433 1491 nostrum
458 1429 643 1512 saepissime
666 1448 844 1512 pronomen
872 1428 1009 1512 ‘aliquis'
1042 1429 1095 1494 vel
1119 1427 1232 1512 ‘quis';
1265 1449 1352 1512 quae

286 1536 433 1619 exempla
454 1536 590 1621 longum
614 1543 662 1603 est
685 1536 911 1621 enumerarel)
957 1536 1072 1620 Itaque
1095 1557 1154 1621 ego
1170 1543 1202 1602 et
1218 1540 1352 1622 linguae

284 1642 441 1708 Varronis
464 1650 496 1710 et
519 1648 590 1712 eius
613 1650 730 1729 animo,
754 1667 860 1732 quem,
882 1654 919 1711 ut
942 1653 991 1712 est
1013 1648 1108 1710 homo
1130 1667 1208 1711 vere
1230 1646 1350 1710 Roma·

285 1771 356 1832 nus,
388 1753 494 1822 totum
525 1756 600 1819 lecti
623 1758 799 1821 convivalis
823 1762 1009 1841 apparatum
1035 1759 1070 1820 in
1093 1757 1246 1840 pristinae
1270 1756 1351 1818 sim-

284 1861 433 1944 plicitatis
456 1864 564 1928 locum
589 1885 606 1930 e
631 1865 764 1930 Graecia
787 1868 981 1930 successisse
1015 1866 1197 1930 credentem
1228 1863 1351 1949 facio,2)

285 1971 465 2036 satisfacere
499 1975 579 2038 mihi
613 1976 724 2040 videor
756 1975 813 2038 illa
845 1994 917 2038 mea
943 1976 1096 2039 lectione:
1133 1974 1191 2038 ‘sic
1219 1973 1351 2056 reliqua

280 2080 359 2143 item
391 2082 533 2145 convivii
564 2089 600 2147 ut
622 2081 802 2168 gausape.3)

387 2188 525 2274 Reliqua
547 2193 644 2257 huius
669 2195 818 2258 dictionis
841 2193 989 2276 exempla
1012 2195 1088 2255 sunt
1109 2193 1202 2257 haec:

387 2297 443 2379 VI,
468 2301 555 2382 §55,
583 2322 612 2385 p.
630 2303 694 2365 232
730 2301 827 2366 ‘Hinc
857 2303 953 2366 etiam
976 2302 1207 2386 Famigerabile
1242 2304 1350 2366 etsie

280 2409 497 2491 compositicia
520 2409 581 2473 alia
603 2411 700 2474 item⁷.
893 2435 896 2442 ·

285 2525 288 2530 “
385 2515 445 2598 ΙΧ,
469 2516 556 2600 587,
578 2537 608 2599 p.
626 2517 687 2581 521
722 2519 765 2584 ‘et
797 2522 843 2584 sic
879 2521 1028 2604 deinceps
1059 2522 1278 2586 multitudinis
1309 2523 1350 2584 in

280 2625 409 2690 duobus
434 2608 559 2690 actibus
582 2627 699 2710 reliqui
723 2649 834 2695 omnes
857 2633 934 2695 item
957 2631 1104 2694 numeri’.

383 2732 445 2813 IX,
471 2734 559 2818 gli,
582 2758 611 2821 p.
634 2739 699 2802 489
733 2739 841 2804 ‘lectos
876 2741 955 2804 alios
991 2759 1033 2804 ex
1056 2740 1162 2821 ebore,
1193 2741 1272 2804 alios
1302 2759 1350 2803 111

276 2843 446 2924 testudine,
470 2846 516 2908 sic
538 2847 617 2910 item
639 2866 757 2933 genere
780 2850 888 2932 aliquo
911 2849 992 2914 alio'.

382 2950 425 3033 X,
454 2954 546 3036 §64,
574 2976 603 3039 p.
626 2958 688 3020 580
729 2958 897 3024 ‘vocantur
935 2960 1015 3024 aliae
1046 2960 1260 3042 harmonicae,
1296 2962 1349 3023 sic

274 3061 351 3123 item
375 3061 456 3124 aliae
479 3065 666 3130 nominibus
690 3067 784 3132 aliis'

381 3169 437 3252 VI,
466 3173 558 3255 §l8,
586 3196 616 3259 p.
643 3177 707 3238 254
743 3177 840 3240 ‘aliud
875 3197 945 3243 esse
977 3178 1216 3260 vestimentum,
1251 3178 1347 3242 aliud

273 3312 487 3322 ———-——-

382 3435 408 3502 1)
431 3435 569 3491 Nonnulla
591 3439 669 3492 affert
691 3439 719 3494 C.
743 3440 773 3497 F.
792 3441 836 3497 W.
855 3441 1003 3496 Muellerus
1035 3443 1065 3496 in
1099 3444 1187 3498 annal.
1215 3441 1344 3512 gymnas.

272 3523 326 3584 vol.
345 3525 413 3579 XIX
436 3525 572 3596 (111865)
595 3530 805 3601 11194111,-
833 3531 988 3587 Locutionis
1013 3549 1081 3602 quae
1107 3536 1148 3589 est
1171 3530 1249 3591 ‘alius
1268 3539 1344 3606 quis’

274 3617 398 3685 exempla
415 3619 526 3672 afferam
544 3619 631 3675 multa
649 3638 711 3675 cum
730 3624 762 3677 de
781 3623 914 3693 particula
931 3617 990 3680 ‘Vc’
1011 3625 1160 3694 disputabo.

321 3705 322 3710 ’
379 3708 407 3779 2)
425 3708 537 3764 Veteres
555 3709 689 3769 Romanos
712 3715 833 3783 epulatos
857 3731 915 3770 essa
928 3717 1071 3788 sedentes,
1099 3719 1192 3786 postea
1218 3717 1344 3773 discum·

272 3799 353 3853 bandi
372 3797 474 3854 morem
493 3817 508 3854 a
527 3802 640 3858 Graecia
657 3804 686 3856 in
703 3803 810 3859 Italiam
826 3807 982 3874 pervenisse
995 3796 1186 3863 commemorat
1201 3810 1289 3864 Varro
1309 3811 1343 3864 in

271 3889 351 3944 libris
371 3891 404 3944 de
425 3893 504 3960 gente
528 3909 555 3961 p.
573 3892 606 3953 R.
625 3895 672 3950 cfr.
691 3895 812 3951 Kettner.
832 3898 865 3951 de
883 3898 941 3953 vita
958 3915 984 3968 p.
1003 3899 1035 3955 R.
1054 3903 1080 3968 p.
1098 3900 1141 3969 25,
1160 3903 1202 3956 28.

349 3993 351 3998 ’
378 3981 405 4051 3)
429 3982 475 4036 'De
503 3984 623 4053 genitivo
651 3987 789 4042 ‘convivii’
821 3991 883 4058 post
910 3989 1074 4045 adiectivum
1100 3985 1221 4060 ‘reliqua'
1249 3991 1344 4060 posito

269 4071 317 4126 cfr.
335 4071 385 4141 IX,
405 4075 420 4142 ξ
438 4073 481 4143 18,
500 4092 526 4144 p.
545 4075 597 4132 468
622 4077 731 4148 (vitiosa
749 4080 892 4152 artificum)
917 4084 945 4135 ot
961 4081 1082 4138 Kiihner.
1107 4082 1151 4142 Gr.
1171 4083 1234 4139 lat.
1248 4083 1284 4156 11,
1312 4086 1341 4154 1,

268 4165 454 4235 1811111.
