2888 4854
763 310 803 373 12

252 500 497 584 pronuntiatum
522 500 579 564 sed
602 500 699 564 etiam
715 501 872 564 artissime
886 501 970 564 inter
993 519 1028 564 se
1051 502 1225 565 coniuncta
1245 517 1333 563 esse

253 609 381 689 debere;
415 609 449 672 id
483 610 568 693 quod
600 610 738 673 formula
769 610 825 673 illa
847 610 975 693 propria
998 629 1058 674 sua
1081 607 1331 694 vipraastat.1)

254 718 358 794 Quare
381 739 439 804 ego
463 721 669 798 scribendum
693 737 763 782 esse
786 737 913 782 censeo:

465 830 536 913 Via,
567 833 613 894 sic
635 832 712 894 item
734 829 805 910 iter,
838 829 924 911 quod
957 847 994 892 aa
1021 829 1168 892 vehendo
1190 829 1329 910 teritur,

411 941 472 1004 iter
494 941 550 1002 itu.
632 965 634 970 ·

357 1048 429 1112 Hac
452 1051 538 1114 enim
557 1051 680 1111 ratione
696 1049 723 1110 si
738 1045 837 1110 verba
856 1047 1010 1131 disponiS,
1033 1048 1111 1130 quid
1131 1047 1202 1110 vitii
1216 1045 1327 1110 relin-

252 1161 308 1240 qui
332 1159 519 1224 existimas?
555 1158 671 1222 Nonne
704 1157 791 1220 idem
823 1176 882 1220 nos
914 1157 1052 1221 assecuti
1079 1175 1193 1220 sumus
1215 1155 1326 1239 idque

252 1267 409 1350 facillime,
445 1269 532 1351 quod
556 1267 714 1350 Georgius
736 1265 826 1329 Thilo
860 1267 1034 1350 legendum
1067 1267 1217 1350 proponit
1245 1264 1327 1329 ‘iter

252 1377 340 1460 quod
362 1379 412 1440 itu
446 1377 592 1442 teritur’?
627 1377 711 1440 Nam
745 1379 780 1439 in
815 1373 984 1438 bimembri
1019 1377 1184 1438 enuntiato
1220 1376 1324 1458 quale

254 1490 302 1549 est
325 1492 470 1552 nostrum

469 1595 543 1680 [via
568 1597 614 1659 sic
635 1597 714 1658 item
734 1593 821 1674 iter],
851 1595 938 1676 quod
961 1613 998 1658 ea
1021 1595 1168 1659 vehendo
1191 1596 1322 1677 teritur,

412 1707 475 1769 iter
495 1707 544 1768 itu

253 1814 352 1878 verba
376 1819 559 1897 quaesunt
588 1813 696 1896 ‘quod'
721 1819 752 1877 et
775 1813 919 1896 ‘teritur’,
951 1813 992 1876 ad
1022 1813 1153 1877 alteram
1186 1833 1321 1897 quoque

253 1925 414 1988 enuntiati
429 1929 550 2008 partem
566 1926 726 2008 pertinere
741 1922 957 2007 facillimeque
980 1925 1132 2008 suppleri,
1157 1925 1209 1987 vel
1223 1925 1321 2008 pueri

254 2035 368 2097 sciunt.

363 2143 511 2208 Ceterum
535 2142 623 2225 quod
645 2144 681 2205 in
697 2145 833 2226 copiosa,
855 2162 956 2227 paene
973 2143 1052 2220 dixi,
1076 2144 1173 2206 nimis
1189 2145 1318 2227 copiosa

256 2253 353 2317 huius
388 2254 449 2318 loci
483 2254 684 2316 enarratione
711 2253 974 2335 -Grossmannus,
1008 2272 1082 2316 oum
1117 2253 1196 2316 alios
1230 2255 1320 2317 viros

255 2362 375 2443 laudet,
398 2361 598 2425 Lachmanni
622 2380 663 2425 ne
687 2381 806 2426 nomen
830 2362 961 2445 quidem
985 2369 1220 2445 commemorat,
1252 2383 1320 2427 non

256 2475 341 2533 recte
363 2468 479 2557 facitl)

254 2613 468 2624 ,-..-...-.

364 2667 389 2736 1)
409 2665 470 2736 Alii,
489 2666 519 2718 in
538 2665 636 2733 quibus
648 2663 838 2719 Lachmannus
854 2665 984 2734 Thiloque
1003 2665 1052 2718 sub
1070 2665 1116 2719 illo
1135 2665 1216 2720 verbo
1234 2667 1317 2734 parti·
1412 2721 1413 2737 ,

256 2757 345 2810 culam
364 2775 417 2826 qua
434 2757 563 2812 transitus
588 2756 753 2825 significetur
779 2757 861 2810 latera
889 2757 1009 2810 arbitrati
1036 2757 1103 2811 alias
1128 2757 1186 2810 eins
1212 2759 1318 2826 generis
1412 2807 1413 2810 ,

256 2849 410 2918 particulas,
438 2851 484 2904 hic
503 2839 634 2917 ‘quoque',
662 2847 711 2920 illa
726 2838 867 2900 ‘similiter>
896 2849 925 2900 in
945 2850 1072 2902 contextu
1096 2850 1232 2917 ponendas
1259 2866 1317 2903 esse
1412 2829 1413 2890 l

258 2943 427 2994 censuerunt.
464 2940 602 2994 Transitus
620 2955 685 2994 vero
705 2939 850 3008 vestigium
873 2939 929 2993 illio
952 2941 1058 2993 nullum
1082 2940 1239 2994 delitescere
1257 2941 1316 2994 nul·
1412 3001 1413 3008 ,

257 3033 364 3101 lamque
382 3033 550 3101 particulam,
578 3033 601 3086 si
628 3031 693 3085 licet
720 3031 816 3099 dicere,
845 3032 1016 3086 transitivarn
1038 3034 1236 3101 proponendam
1260 3049 1316 3088 esso

258 3126 325 3178 mihi
343 3125 473 3193 persuasi.
510 3125 580 3179 Nam
599 3125 747 3176 utiterum
766 3124 861 3191 dicam,
881 3124 955 3178 nnllo
975 3126 1053 3179 modo
1071 3123 1137 3178 ‘iter’
1157 3125 1317 3180 vocabulum

259 3217 454 3285 expellendum,
480 3216 526 3268 sed
551 3215 640 3282 potius
658 3231 713 3267 una
732 3231 793 3268 cum
813 3215 894 3268 altero
914 3218 985 3284 quod
1004 3219 1045 3270 est
1062 3212 1125 3271 ‘via'
1145 3219 1315 3287 pronuntian-

259 3309 324 3361 dum
342 3307 528 3374 artissimeque
547 3323 608 3359 cum
628 3323 659 3360 eo
678 3307 895 3376 coniungendum
913 3324 972 3362 esse
991 3309 1123 3364 existimo.

366 3399 393 3468 2)
416 3399 604 3452 Lachmannus
632 3399 660 3450 in
688 3416 756 3458 mus,
784 3400 859 3453 rhen.
891 3399 944 3453 rol.
972 3399 1021 3454 ΠΙ.
1050 3399 1084 3468 (a.
1109 3402 1190 3470 1845)
1217 3419 1242 3468 p.
1267 3403 1316 3456 610

259 3489 361 3561 (opusc.
380 3507 406 3558 p.
427 3491 490 3557 190)
509 3491 679 3543 scribendum
699 3494 775 3559 putat
798 3486 853 3545 ‘via
877 3492 1010 3560 similiter,
1042 3493 1112 3560 quod
1142 3509 1174 3546 ea
1197 3493 1315 3547 vehendo
1412 3505 1413 3512 ’

259 3583 369 3650 teritur3
388 3583 440 3636 iter
458 3583 515 3638 itu³.
552 3583 603 3636 Sed
616 3583 732 3650 primunr
745 3599 893 3650 numquam
912 3601 927 3637 a
945 3585 1036 3636 nostro
1053 3577 1194 3636 ‘similiter'
1214 3583 1315 3652 ponitur

259 3673 310 3728 hac
328 3673 439 3740 ratione,
465 3677 495 3728 ut
519 3675 663 3728 transitum
689 3671 783 3741 faciat,
815 3676 854 3744 (id
879 3676 949 3743 quod
968 3674 1090 3742 Spengel.
1116 3675 1145 3727 in
1163 3676 1223 3729 Act.
1246 3675 1312 3729 acad.
1412 3679 1413 3692 ¹

259 3781 363 3820 monac.
382 3765 400 3819 l.
422 3783 444 3824 o.
465 3783 490 3834 p.
508 3768 561 3822 465
579 3769 652 3820 recte
671 3767 792 3836 obiecit);
812 3767 908 3820 deinde
927 3767 1045 3835 quadiu
1065 3766 1238 3820 Grossmanni
1255 3782 1313 3819 oon·
1412 3737 1413 3777 l

260 3855 391 3910 iacturam
411 3857 475 3926 dixi,
506 3859 578 3912 idem
604 3859 637 3911 ad
655 3858 822 3912 Lachmanni
844 3859 986 3912 inventum
1006 3859 1128 3926 pertinet.
1160 3887 1194 3895 -
1225 3857 1314 3911 Contra

261 3965 316 4002 non
339 3950 409 4004 male
427 3950 574 4004 Muellerus
598 3947 660 4004 ‘Via
684 3950 757 4004 sicut
774 3949 833 4019 iter,
860 3951 930 4018 quod
953 3967 985 4004 ea
1003 3950 1125 4004 vehendo
1143 3949 1247 4016 teritur,
1268 3948 1313 4002 iter

260 4041 318 4109 itu',
338 4043 371 4095 de
390 4059 443 4110 qua
460 4042 574 4096 lectione
593 4043 782 4096 Lachmannus
800 4041 839 4095 sic
856 4041 958 4096 iudicat
976 4042 1004 4112 (l.
1024 4059 1046 4097 c.
1065 4059 1091 4110 p.
1111 4041 1186 4110 190):
1214 4037 1313 4095 ‘Miller

260 4133 309 4186 hat
326 4133 402 4186 nicht
416 4134 558 4204 geniigend
575 4133 740 4187 verbessert:
766 4135 813 4202 gut
831 4134 867 4187 ist
884 4150 944 4201 nur,
969 4135 1030 4188 dass
1049 4151 1078 4188 er
1097 4149 1146 4188 aus
1165 4133 1261 4187 iterum
1276 4133 1312 4186 itu
