2908 4846
626 337 766 400 99.

104 522 220 585 caudis
243 541 308 584 non
333 524 435 586 utitur
458 543 537 586 voce
558 515 676 603 ‘Quia’,
707 521 763 586 sed
792 541 918 606 semper
942 515 1052 605 ‘quod’
1078 524 1167 602 dicit;

8 689 9 730 p
103 632 181 694 hinc
204 630 320 694 falsum
347 637 395 695 est
419 633 504 715 quod
527 653 598 714 pag.
624 631 687 694 229
719 632 828 694 invitis
859 632 949 694 libris
980 635 1167 716 scripsimus

101 733 192 802 ‘hinc
216 741 319 804 Effata
339 743 494 805 dicuntur
530 743 605 824 quia
638 740 789 823 augures’
821 747 851 803 et
873 763 943 824 pag.
962 742 1002 803 92
1033 741 1168 804 ‘Praesi-

8 907 9 932 ἒ
104 850 195 912 dium
229 855 276 912 est
300 840 429 925 dictum,
461 853 538 934 quia
570 856 659 914 extra
693 855 797 914 castra
819 850 1062 933 praesidebant'.
1109 850 1168 914 Le-

102 961 187 1022 viter
210 960 287 1023 haeo
311 962 454 1044 attigisse
477 963 545 1025 viro
571 961 755 1023 doctissimo
786 962 861 1022 satis
894 960 966 1036 fuit3
1000 981 1060 1024 nos
1091 980 1167 1023 vero

8 1073 9 1156 J
103 1071 260 1151 quoniam
283 1071 318 1133 iu
342 1071 448 1134 studio
472 1070 702 1154 particularum
727 1088 854 1152 operam
879 1070 1033 1132 collocare
1055 1089 1169 1153 propo·

104 1181 240 1260 suimus,
265 1181 303 1243 de
324 1173 425 1263 tquia’
450 1179 608 1242 vocabulo
631 1179 725 1261 plura¹
749 1178 846 1241 verba
861 1179 1016 1242 faciamus
1032 1158 1167 1262 oportet.

103 1290 216 1370 Atque
240 1294 278 1352 ut
302 1291 407 1352 statim
432 1309 591 1352 summam
624 1289 723 1350 huius
758 1289 955 1370 quaestionis
979 1289 1169 1364 indicemus,

104 1399 138 1458 in
176 1396 267 1462 libris
303 1399 342 1460 de
366 1400 384 1462 l.
411 1400 428 1460 l.
453 1397 607 1482 particula
642 1398 740 1460 semel
773 1398 900 1481 legitur,
934 1398 1007 1460 libri
1032 1399 1071 1461 de
1094 1419 1119 1461 r.
1144 1419 1168 1460 r.

103 1525 178 1568 earn
214 1506 339 1571 duobus
374 1509 452 1570 locis
488 1507 669 1570 ostendunt.
732 1506 843 1570 Cetera
872 1509 971 1570 huius
994 1507 1169 1590 particulae

104 1617 255 1699 exempla
277 1617 466 1699 corruptelis
489 1617 644 1696 laborant,
667 1635 684 1678 e
708 1615 827 1698 quibus
861 1615 937 1678 haec
962 1619 1079 1699 optima
1103 1635 1169 1679 me·

104 1725 214 1786 dicina
238 1732 350 1788 sanata
374 1731 458 1806 sunt,
482 1727 536 1788 illa
561 1746 693 1788 manum
726 1745 800 1786 vere
835 1725 1082 1788 emendatricem
1114 1745 1169 1788 ex-

102 1838 242 1916 pectant.
289 1833 404 1918 Itaqne
428 1842 464 1898 ut
489 1857 506 1897 a
530 1836 621 1898 libris
645 1836 684 1897 de
707 1835 725 1898 l.
752 1835 772 1897 l.
799 1835 971 1908 ordiamur,

268 1943 307 2023 V,
331 1945 417 2026 §eta
441 1965 469 2028 p.
489 1946 528 2006 50
553 1945 700 2007 codicum
717 1947 875 2028 scriptura
898 1952 945 2008 est
960 1946 1056 2006 haec:
1081 1943 1169 2006 Huic

176 2058 326 2117 vecturae
362 2056 417 2136 qui
451 2053 573 2116 ratibus
609 2054 796 2134 transibant,
832 2055 1010 2137 quadrens3
1058 2052 1097 2114 ab
1133 2072 1170 2115 eo

176 2161 320 2225 Lucilius
345 2164 471 2246 scripsit
492 2155 701 2238 ‘Quadrantis
724 2163 829 2227 ratiti’.
856 2202 897 2208 —

105 2291 205 2352 quam
241 2273 409 2335 lectionem
446 2271 477 2334 O.
515 2271 549 2334 O.
586 2272 763 2336 Muellerus
798 2274 936 2334 mutavit
968 2275 1027 2335 sic:
1076 2271 1172 2333 ‘Huic

104 2386 241 2443 vectura
275 2383 452 2463 quadrans;
490 2382 529 2444 ab
565 2402 602 2445 eo
639 2379 782 2444 Lucilius
815 2383 940 2463 scripsit
964 2381 1171 2456 ‘Quadrantis

104 2489 205 2551 ratiti'
223 2492 299 2572 qnia
315 2491 438 2554 ratibus
454 2491 652 2554 transibant'.
699 2491 865 2554 Madvicus
874 2491 895 2569 ¹)
917 2496 1022 2554 autem
1041 2489 1171 2552 ‘Scribe'

103 2600 217 2681 inquit
241 2598 334 2682 ‘Huc
361 2599 518 2680 vectura*
535 2603 591 2683 qui
624 2601 746 2664 ratibus
779 2601 966 2678 transibant,
998 2597 1171 2681 quadrans'

106 2711 127 2770 i.
153 2727 178 2771 e.
208 2718 337 2772 vectura
375 2712 423 2791 iis,
463 2713 518 2792 qui
553 2712 616 2772 huo
650 2709 830 2772 transibant
864 2708 1051 2788 (Muellerus
1086 2714 1172 2770 recte

107 2818 272 2900 ‘vectura’‚
305 2821 340 2881 iu
375 2821 487 2884 ceteris
521 2821 616 2902 longe
651 2816 844 2902 aberravitl’.
882 2856 923 2862 —
961 2816 1064 2892 Quam
1099 2837 1173 2878 cou-

8 3001 9 3016 Ὶ
107 2931 268 2990 iecturam
294 2948 351 3011 ego
377 2930 508 3012 quidem
533 2930 719 3012 amplector3
745 2933 850 2991 tamen
876 2927 961 3010 quod
986 2932 1033 2989 est
1049 2945 1173 2988 comma

8 3023 9 3032 ¹
107 3040 195 3100 inter
229 3038 328 3100 verba
353 3037 448 3100 ‘Huc'
472 3044 503 3102 et
527 3038 679 3102 ‘vectura'
716 3039 803 3102 deleo
839 3056 945 3119 neque
975 3034 1070 3097 ‘Huc’
1099 3054 1173 3096 cum

107 3146 209 3209 verbo
249 3146 449 3211 ‘transibant'
489 3151 661 3232 coniunge,
700 3149 754 3212 sed
796 3167 870 3210 cum
912 3165 949 3209 eo
997 3145 1082 3228 quod
1127 3149 1175 3206 est

109 3255 272 3318 ‘vectura’.
318 3255 406 3319 Haec
423 3259 509 3320 enirn
526 3233 710 3322 coniunctio
729 3258 862 3320 minime
879 3259 988 3318 contra
1006 3255 1173 3337 ingenium

109 3367 244 3448 linguae
268 3364 400 3428 Latinae
424 3375 542 3449 peccat,
566 3368 725 3449 siquidem
759 3367 844 3449 apud
878 3365 1007 3427 Livium
1035 3363 1174 3446 legimus

110 3475 234 3558 ‘fugam
268 3475 372 3556 retro’,
407 3475 526 3559 ‘procul
562 3475 739 3558 spectator',
772 3474 858 3558 apud
883 3473 1066 3537 Ciceronem
1097 3472 1175 3535 ‘ictu

8 3629 9 3674 p
109 3584 313 3664 comminus,
349 3585 435 3668 apud
460 3586 538 3648 alios
570 3587 632 3648 alia
658 3604 739 3667 quae
763 3586 896 3667 longum
921 3589 969 3646 est
992 3579 1174 3660 enarrare2)

8 3707 10 3780 ζ
111 3693 148 3756 Si
170 3712 246 3756 uero
272 3695 345 3775 quis
367 3695 401 3756 in
425 3694 574 3758 liberiore
598 3695 757 3758 enuntiati
790 3693 915 3756 relativi
949 3692 1175 3772 nsuoffendit

114 3802 201 3884 quod
242 3806 431 3885 pronomine
467 3805 715 3868 demonstrativo
747 3821 939 3885 magnopere
978 3806 1077 3885 egeat,
1111 3821 1177 3863 non

222 3977 248 4045 1)
268 3977 314 4032 cfr.
335 3980 403 4033 Λᾶν,
423 3981 482 4033 crit.
503 3979 521 4034 l.'
541 3999 562 4033 c.
582 3997 606 4046 p.
620 3981 677 4033 167.

221 4070 248 4136 2)
267 4069 314 4124 cfr.
333 4069 432 4140 Reisig.
452 4072 492 4127 ed.
513 4069 610 4129 Haase.
646 4073 728 4136 ι8224
747 4073 782 4134 (n.
797 4071 848 4124 391
861 4069 939 4137 extr.)
959 4069 1084 4138 Draeger.
1105 4069 1177 4135 synt.

8 4173 9 4186 Ν
113 4159 355 4231 a1st.12,§ro,p
379 4164 479 4230 131sq.

745 4297 753 4315 ·
782 4265 792 4317 ²
928 4230 1000 4364 td*
