2908 4846
777 393 817 454 72

198 639 203 646 .
265 584 358 648 tertio
388 581 564 645 Muellerus
591 582 705 645 nititur
739 585 937 664 argumente,
971 580 1057 664 quod
1086 579 1214 644 Nonius
1240 581 1336 644 illius

264 693 447 776 negationis
486 692 670 775 exemplum
702 710 719 754 e
753 689 911 754 Varronis
949 690 989 752 ad
1021 688 1152 753 llufium
1194 691 1336 774 epistula

265 805 498 882 commemoret,
532 801 593 863 hoc
622 800 842 864 testimonium
877 797 1065 861 Nonianum
1099 799 1228 863 levioris
1261 820 1336 863 mo·
1439 793 1440 838 i

265 912 367 974 menti
389 909 433 990 fit,
457 912 485 974 si
507 915 613 973 tecum
636 916 775 994 reputas,
792 907 954 971 ‘noenum’
977 927 1019 970 ex
1035 907 1172 991 epistula
1195 909 1337 988 laudari,

265 1021 299 1081 in
321 1040 389 1102 ¹qua
412 1020 465 1082 vel
488 1021 625 1102 optimae
648 1026 742 1083 notae
766 1020 936 1102 scriptores
960 1037 1024 1080 non
1042 1037 1114 1080 raro
1132 1019 1171 1080 ad
1196 1019 1335 1102 vulgare

265 1148 369 1210 genus
394 1128 520 1191 dicendi
555 1129 660 1192 delabi
693 1125 853 1207 constat.1)
901 1124 1005 1201 Quare
1038 1129 1139 1211 magis
1171 1136 1335 1211 expectes

267 1239 360 1300 utin
382 1237 534 1300 familiari
558 1258 705 1302 sermone
730 1259 825 1321 quem
849 1236 923 1300 fecit
948 1237 986 1299 de
1009 1257 1033 1298 r.
1058 1258 1091 1312 r,
1116 1237 1217 1301 Varro
1241 1239 1334 1301 illam
1440 1243 1441 1250 ’

264 1347 454 1431 particulam
487 1348 650 1427 adhibeat3
684 1351 718 1410 in
755 1349 898 1410 doctrina
921 1365 998 1408 vero
1022 1345 1179 1410 librorum
1204 1348 1243 1410 de
1265 1348 1285 1409 l.
1311 1349 1332 1409 l.

266 1477 341 1519 eum
357 1463 423 1520 tam
440 1477 533 1541 saepe
551 1459 607 1521 illa
623 1479 718 1522 usum
736 1477 805 1520 esse
823 1475 881 1540 ego
898 1475 963 1517 non
983 1456 1086 1519 credo.
1105 1455 1332 1520 -Postremo

266 1569 292 1629 si
319 1565 480 1631 Ciceronis
504 1568 671 1650 aequalem
687 1586 756 1630 esse
772 1565 952 1628 Varronem
974 1567 1162 1648 cogitamus,
1179 1567 1332 1648 quamvis

266 1675 406 1739 ‘omnem
430 1682 579 1740 ornatum
603 1683 634 1740 et
668 1677 895 1758 elegantiorem
920 1675 1160 1737 enuntiatorum
1194 1677 1332 1738 coniun-

267 1787 406 1848 ctionem
430 1786 578 1848 oonsulto
603 1806 676 1849 eum
706 1787 823 1848 vitasse
851 1791 882 1847 et
906 1785 998 1866 quasi
1034 1784 1195 1870 defugisse
1219 1802 1255 1845 ac
1280 1782 1332 1846 Oi-

266 1895 374 1956 ceroni
409 1895 447 1958 de
479 1895 638 1958 industria
670 1895 828 1958 obnixum
857 1893 936 1956 esse’
971 1890 1132 1976 constet2)
1158 1898 1266 1956 tamen
1289 1893 1330 1956 ad

268 2001 431 2066 Ciceronis
456 2009 592 2068 aetatem
612 2004 767 2066 Varronis
791 2023 855 2065 non
878 2003 961 2065 illud
990 2002 1120 2085 quidem
1146 2003 1329 2085 ‘abruptum
1442 2014 1443 2035 ¹

266 2119 298 2176 et
331 2115 504 2197 neglegens
539 2114 701 2177 scribendi
732 2109 882 2194 genus',3)
918 2119 951 2174 at
983 2113 1126 2176 delectus
1157 2110 1331 2174 verborum

267 2224 503 2304 quodammodo
542 2224 699 2285 convenit.
758 2221 821 2296 Qui
858 2223 944 2284 enim
976 2222 1069 2285 locus
1104 2221 1330 2285 Varronianus

266 2332 397 2415 praebet
412 2332 602 2416 particulam
619 2331 708 2394 ‘ast’l
734 2333 790 2413 qui
807 2330 971 2412 ‘absque'l
997 2333 1053 2414 qui
1070 2331 1170 2393 alium
1187 2332 1330 2414 aliquem

271 2461 287 2504 e
311 2443 421 2504 multis
438 2461 519 2524 quos
543 2442 664 2504 scimus
687 2441 784 2524 prisci
808 2441 963 2502 sermonis
986 2439 1151 2503 flosculis?
1175 2440 1238 2504 Hic
1262 2460 1332 2504 ere-

267 2551 438 2614 demusin
472 2550 563 2613 libris
588 2550 627 2612 de
650 2550 669 2611 l.
693 2553 712 2613 l.
738 2550 917 2613 Varronem
951 2555 1017 2613 tam
1047 2569 1140 2633 saepe
1170 2551 1331 2633 particula

268 2659 398 2722 ‘noenu'
423 2679 520 2722 usum
544 2660 635 2724 esse?
671 2659 738 2743 Ego
763 2660 893 2743 quidem
922 2665 958 2722 ut
993 2660 1121 2723 credam
1145 2679 1163 2721 a
1188 2679 1239 2722 me
1263 2679 1329 2723 non

265 2771 415 2852 impetr03
441 2790 478 2833 ac
501 2789 543 2832 ne
566 2769 741 2833 Muellerus
771 2769 902 2852 quidem
929 2769 997 2852 ipse
1025 2765 1163 2853 oredit4)
1209 2769 1329 2832 Tamen

265 2877 348 2940 belle
372 2880 554 2962 suspicatus
578 2884 634 2960 est,
657 2880 703 2940 ita
723 2883 758 2941 ut
782 2878 821 2940 de
844 2897 881 2940 eo
909 2878 979 2940 loeo
1008 2879 1063 2961 qui
1088 2887 1137 2942 est
1159 2878 1218 2960 IX,
1242 2877 1261 2965 ξ
1286 2880 1328 2941 94

265 3007 294 3071 p.
320 2987 382 3047 527
415 2988 486 3050 iure
514 2987 553 3049 ab
589 3006 626 3049 eo
662 2987 783 3049 dietum
816 2987 962 3048 videatur
986 2986 1071 3050 ‘dass
1105 2990 1209 3052 einem
1229 2989 1327 3072 jeden

267 3095 405 3159 dieselbe
428 3095 636 3178 Vermutung
660 3097 727 3158 sich
752 3096 951 3179 aufdr‘angen
974 3096 1084 3159 muss’

374 3205 437 3268 Sed
470 3207 533 3268 iam
569 3206 697 3288 singula
732 3205 879 3290 exempla
914 3205 1054 3270 breviter
1089 3207 1328 3271 describamus!

267 3313 381 3396 ltaque
405 3315 557 3378 hocloco
583 3333 678 3396 quem
703 3333 761 3398 ego
786 3315 895 3377 addidi
920 3315 958 3397 V,
983 3317 1001 3398 ξ
1026 3316 1078 3394 26,
1102 3338 1132 3400 p.
1157 3319 1199 3380 43

429 3423 587 3508 Stagnum
612 3445 630 3487 a
653 3443 767 3508 graeco
792 3419 929 3508 στεγνὸν,
964 3426 1051 3508 quod
1075 3445 1193 3490 nomen
1230 3426 1327 3490 habet

333 3553 476 3616 primam.

375 3747 400 3812 l)
420 3746 512 3802 Cicero
530 3748 596 3818 ipse7
622 3749 645 3802 si
660 3748 784 3804 Medicao
814 3748 901 3801 codici
927 3747 994 3801 fides
1024 3751 1071 3816 est
1103 3749 1170 3802 dicit
1199 3744 1326 3802 ‘noenum

268 3830 380 3892 robatur'
402 3839 435 3891 ad
454 3841 510 3896 Att.
533 3840 589 3894 VII.
610 3841 634 3908 3,
653 3840 684 3906 83
705 3841 751 3895 cfr.
771 3840 935 3894 Lachmann.
954 3839 972 3894 l.
992 3857 1014 3892 c.

375 3930 401 3996 2)
420 3931 468 3985 cfr.
486 3933 648 3986 Wilmanns
667 3932 684 3984 l.
704 3950 725 3986 o.
744 3951 770 4001 p.
788 3935 832 3990 44.

374 4021 513 4088 3)W11m.
533 4024 550 4078 l.
571 4041 592 4081 e.

374 4119 402 4177 l)
419 4109 474 4167 ‘ich
497 4115 585 4168 werde
604 4115 678 4168 nrieh
700 4116 792 4182 huten,
817 4116 867 4167 mit
892 4115 976 4168 voller
1000 4113 1200 4168 Bestimmthoit
1220 4129 1257 4190 ⁴zu
1282 4112 1328 4165 be·

269 4206 397 4274 haupten'
416 4206 508 4260 Muell.
526 4206 543 4259 l.
563 4223 585 4260 o.
