2888 4854
607 377 654 440 41·

91 564 241 642 oporteat
264 559 376 623 similis
400 558 545 643 haberel)
580 561 733 626 dicuntur
757 566 792 624 ut
814 560 897 623 infra
920 558 1098 642 apparebit:
1132 561 1161 622 is

90 669 188 732 loous
211 670 351 732 maxime
373 668 517 733 lubricus
542 670 610 734 est’

205 797 393 882 Spengelius
419 800 583 883 vulgatam
607 802 777 884 amplexus
810 801 979 865 lectionem
1011 800 1045 861 in
1073 799 1162 861 huuc

92 908 230 971 modum
255 913 447 973 commutat:
473 945 516 955 —
542 907 633 991 ‘quas
657 915 761 990 partes
785 914 816 972 et
840 909 926 992 quod
950 908 1054 972 modis
1070 928 1161 991 opor·

92 1022 164 1079 teat
195 1022 230 1080 ut
263 1018 383 1081 similes
417 1018 573 1101 dicantur,
606 1025 643 1080 ut
666 1019 749 1081 infra
773 1016 960 1102 apparebit3’
984 1016 1162 1081 Muellerus

92 1126 221 1189 abieoto
254 1125 351 1190 verbo
390 1126 557 1190 ‘dicantur’
599 1129 645 1190 sio
678 1127 803 1190 scribit:
837 1120 894 1174 ‘-
928 1147 1009 1211 quas
1052 1131 1160 1210 partes

94 1244 128 1300 et
178 1241 258 1319 quot
303 1236 406 1301 modis
455 1241 596 1319 oporteat
643 1237 758 1300 similis
803 1235 940 1317 habere,
991 1241 1027 1298 ut
1079 1236 1163 1298 iufra

94 1346 288 1429 apparebit:'
328 1384 369 1394 ·—
410 1345 477 1429 Ego
517 1346 555 1409 de
590 1347 649 1408 hoo
680 1347 748 1409 loco
780 1348 827 1409 sic
865 1345 987 1408 iudico:
1036 1343 1158 1408 Sensus

95 1461 134 1518 ut
159 1454 240 1518 bene
263 1474 297 1518 se
320 1455 443 1537 habeat,
478 1456 559 1518 nillil
593 1456 682 1519 aliud
714 1457 889 1539 requiritur
922 1475 1021 1537 quam
1045 1459 1082 1516 ut
1105 1472 1162 1536 pro

94 1565 192 1628 modo
227 1565 402 1628 indicativo
437 1585 538 1648 ponas
578 1565 823 1628 coniunctivum
860 1561 1074 1642 ‘dieantur’2g
1112 1563 1163 1626 siu

95 1693 173 1736 vero
198 1672 353 1738 Varronis
388 1676 423 1737 in
459 1675 507 1738 his
541 1674 633 1737 libris
665 1693 769 1757 genus
793 1673 947 1755 loquendi
971 1677 1164 1755 spectamus,

95 1784 152 1846 ille
176 1783 291 1847 modus
316 1784 483 1849 offensioni
507 1804 576 1849 esse
595 1783 688 1846 debet
720 1803 816 1864 quam
834 1784 1002 1845 maximae.
1048 1781 1163 1863 Itaque

97 1899 219 1956 certam
243 1893 282 1956 de
306 1894 458 1957 hocloco
483 1894 675 1958 sententiam
700 1912 766 1955 uon
789 1891 930 1974 profero;
960 1897 1067 1954 tamen
1091 1909 1163 1974 pro-

97 2022 217 2085 ponere
251 2003 345 2066 liceat
380 2005 550 2068 lectionem
590 2003 686 2065 hauc:
720 1994 848 2084 ‘Itaque
873 2001 958 2084 quod
994 2000 1164 2083 diligenter

96 2113 275 2176 ridendum
299 2115 403 2176 estin
427 2113 543 2194 verbis,
568 2133 647 2194 quas
666 2118 772 2195 partes
796 2116 828 2173 et
848 2116 925 2193 quot
948 2111 1052 2173 modis
1070 2128 1161 2192 opor-

96 2225 162 2284 teat
186 2222 300 2284 similis
324 2223 451 2303 habere,
473 2231 510 2286 ut
526 2223 673 2284 dicantur
696 2217 764 2298 ita3)
782 2227 829 2303 (ut
843 2221 926 2283 infra
942 2214 1161 2303 apparebitl4lx

97 2331 125 2393 is
150 2331 242 2394 locus
265 2337 406 2396 maxime
430 2333 575 2396 lubricus
599 2331 665 2395 est’

206 2477 301 2540 Alius
334 2482 382 2540 est
413 2478 504 2541 locus
536 2478 570 2539 in
608 2474 700 2538 libris
732 2476 771 2539 de
795 2477 814 2538 l.
837 2477 857 2539 l.
882 2477 926 2538 ita
954 2473 1104 2555 traditus,
1129 2478 1164 2535 ut

97 2587 158 2649 hoc
183 2586 222 2649 de
255 2607 319 2669 quo
355 2588 482 2670 agimus
506 2584 641 2647 vertum
674 2586 901 2648 coniunctivae
926 2590 1091 2666 sequatur,
1114 2581 1162 2644 IX

99 2697 117 2776 ξ
145 2695 163 2756 6
187 2717 216 2778 p.
241 2696 314 2758 460.
351 2693 468 2770 ‘Quare
484 2696 524 2759 ad
542 2713 781 2777 quamcumque
798 2713 959 2756 summam
976 2695 1011 2755 in
1031 2692 1165 2756 dicendo

99 2805 246 2886 referam,
270 2806 297 2867 si
317 2806 552 2868 animadvertes
570 2805 735 2885 intelleges
752 2809 862 2865 utrum
879 2803 1004 2866 dicatur
1020 2802 1166 2884 analogia

99 2932 170 2977 esse
203 2934 245 2976 an
277 2917 325 2978 uti
361 2921 518 2998 oporteret
551 2915 766 2997 redigeretur,
790 2913 852 2974 dici
886 2913 918 2974 id
951 2914 985 2974 iu
1009 2912 1164 2994 populum

99 3023 205 3105 aliter,
229 3043 266 3086 ac
300 3023 375 3086 inde
399 3024 548 3087 omuibus
583 3023 645 3086 dici
675 3024 709 3084 in
734 3041 807 3086 eum
832 3023 888 3104 qui
913 3023 953 3084 sit
975 3023 1010 3084 in
1029 3021 1165 3104 populo’

208 3167 261 3232 Sic
284 3169 473 3254 Spengelius
498 3168 678 3232 secuudum
703 3167 844 3244 codices3
869 3167 903 3228 iu
929 3185 993 3247 quo
1017 3171 1048 3229 et
1065 3165 1166 3248 ‘opor-

210 3453 236 3520 1)
256 3454 312 3507 cod.
332 3453 360 3509 F.
380 3450 496 3512 ‘habere
517 3452 652 3506 dicuutur'
673 3452 764 3505 (iroth.
785 3469 809 3518 p.
829 3453 872 3505 63.

210 3543 236 3612 2)
256 3544 359 3602 Confer,
385 3546 456 3614 quod
483 3545 511 3597 in
530 3543 699 3612 praecedeuti
718 3544 883 3612 paragrapho
903 3544 1065 3598 dictumest
1089 3537 1167 3595 ‘illud

101 3637 144 3688 est
185 3635 274 3702 potius
309 3636 512 3700 advertendum,
553 3651 615 3689 cum
654 3635 742 3688 simile
775 3635 839 3704 quid
872 3651 930 3688 esso
966 3635 1083 3702 dicitur,
1122 3635 1167 3687 cui

101 3727 173 3794 parti
191 3726 281 3780 similo
299 3729 440 3782 dicatur
458 3728 552 3781 esse':
572 3727 643 3795 quod
661 3727 733 3780 idem
761 3727 799 3780 sic
819 3727 871 3781 dici
890 3727 955 3780 licet
974 3731 1050 3795 'quas
1077 3729 1166 3794 partes

103 3817 206 3872 similes
225 3819 323 3873 habere
343 3821 482 3875 dicantur'.

211 3910 238 3977 3)
258 3906 318 3964 ‘ita‘
338 3913 356 3964 i.
376 3929 399 3966 e.
417 3906 533 3964 ‘similia'
553 3909 602 3978 l‘ut
620 3910 746 3964 dicantur
764 3911 846 3964 verba
864 3909 991 3978 similia').

211 4002 238 4070 4)
253 4001 326 4067 Quae
345 4004 373 4056 in
392 4002 545 4071 parenthesi
563 4002 648 4070 posui,
668 4017 699 4054 ea
712 4001 745 4054 ad
764 4004 846 4056 totam
865 4018 932 4071 quae
951 4001 1088 4069 praecedit
1106 4017 1167 4054 sen·

104 4094 216 4148 tentiam
234 4095 361 4162 pertinet:
394 4096 463 4148 intra
482 4094 554 4148 eninr
573 4095 689 4163 apparet,
721 4092 864 4161 diligenter
883 4093 1029 4146 videndum
1053 4108 1112 4146 esse
1138 4093 1169 4146 in

105 4186 198 4256 verbis,
218 4202 286 4258 quas
303 4188 391 4253 parles
410 4225 416 4240 .
438 4228 443 4241 .
464 4231 469 4242 .
