2888 4854
805 369 846 431 lu

291 554 414 618 dubito,
439 592 478 600 -
504 554 566 617 Sed
591 555 668 618 haec
692 557 817 632 omitt03
855 554 934 617 illud
968 557 1076 638 potius
1101 555 1360 618 animadverten-

293 665 372 728 dum
396 666 552 728 ceterisne
575 666 610 725 in
634 664 741 728 verbis
766 665 903 727 editores
926 663 972 724 illi
995 665 1066 727 inre
1093 664 1265 727 offendant.

400 773 589 856 Spengelius
613 775 699 836 enim
726 776 761 836 in
794 779 948 836 contextu
973 771 1068 836 habet
1098 773 1189 837 haee:
1229 773 1302 836 Hoc
1326 773 1358 834 C.

290 881 414 964 Popilio
439 885 592 963 rogatore,
616 879 705 960 Sylla
740 880 900 960 dictatore,
933 880 1097 944 sublatum
1129 900 1170 944 ne
1204 879 1304 954 fieret,
1328 887 1358 941 et

290 1010 403 1054 omnes
420 991 476 1072 qui
493 989 609 1052 bonam
625 991 749 1072 copiam
770 991 928 1064 iurarunt,
952 1009 993 1053 ne
1017 997 1124 1054 essent
1147 991 1224 1054 nexi
1250 985 1358 1074 [sedPt

290 1101 445 1164 dissoluti.

397 1209 572 1273 Muellerus
608 1214 715 1270 autem
754 1209 922 1272 decurrere
950 1209 1039 1273 iubet
1085 1210 1261 1272 orationem
1297 1210 1355 1271 sic:

288 1320 371 1384 ‘Hoc
395 1319 428 1383 O.
453 1318 590 1400 Poplilio
623 1322 759 1392 auctore,
789 1316 899 1380 Visolo
935 1319 1098 1400 dictatore,
1130 1317 1293 1382 sublatum
1318 1337 1358 1380 ne

288 1430 388 1511 fieret,
412 1435 447 1492 ut
471 1428 576 1491 omnis
600 1427 656 1508 qui
690 1426 807 1489 bonam
840 1428 964 1508 copiam
992 1430 1151 1507 iurarunt,
1186 1446 1227 1491 ne
1251 1439 1358 1490 essent
1428 1435 1429 1518 1

289 1539 376 1618 nexi,
399 1537 456 1600 sed
480 1536 596 1601 seluti'.
1428 1537 1429 1540 ’

395 1644 463 1728 ligo
487 1646 617 1708 editoris
653 1646 824 1728 utriusque
856 1647 1027 1710 lectionem
1060 1647 1165 1709 inutili
1197 1648 1357 1729 genuinae

287 1756 433 1818 lectionis
459 1756 635 1818 mutatione
658 1754 774 1817 factam
798 1757 904 1837 reicio,
928 1775 964 1818 ac
981 1755 1128 1820 Muelleri
1153 1756 1283 1838 quidem
1306 1756 1357 1819 rel

288 1884 356 1928 eam
382 1863 421 1926 ob
446 1883 575 1927 causam
601 1863 686 1944 quod
709 1864 886 1946 particulae
910 1865 958 1928 ‘ut
987 1865 1037 1929 ne'
1066 1867 1152 1928 inter
1173 1885 1207 1928 se
1230 1867 1357 1929 iunctae

285 1953 322 2037 in
344 1975 395 2038 his
420 1974 459 2036 de
482 1974 503 2037 l.
527 1974 547 2035 l.
568 1972 657 2035 libris
682 1974 812 2036 omnino
836 1993 901 2036 nou
924 1976 1142 2051 inveniunter.
1185 1974 1298 2056 Itaque
1322 1979 1357 2037 ut

285 2103 388 2148 meam
406 2084 457 2146 rel
473 2085 580 2166 potius
595 2080 754 2163 Brunsii2)
768 2083 807 2147 de
826 2085 970 2147 hocloco
994 2086 1178 2167 opinionem
1198 2085 1356 2169 proferam
1429 2087 1430 2090 ’

286 2194 534 2270 retroverti-aea
550 2194 678 2276 (silicet
695 2193 815 2263 diceret
841 2194 963 2257 dictum
987 2199 1064 2276 puto
1088 2198 1118 2258 et
1135 2193 1216 2257 illud
1241 2192 1356 2256 ‘subla-
1378 2263 1386 2276 ⁶

285 2310 356 2367 tum
380 2322 421 2366 ue
444 2302 543 2366 fieret’
569 2308 600 2366 et
624 2303 709 2384 quod
733 2305 879 2385 sequitur
906 2303 1029 2368 ‘omnes
1058 2308 1112 2388 (ne
1136 2310 1244 2367 essent
1271 2302 1357 2370 nexi)

287 2412 455 2476 dissoluti’.
502 2411 555 2475 Sic
583 2414 681 2494 igitur
704 2412 800 2475 scribi
823 2414 934 2479 velim:
949 2407 1040 2488 '‘Hoc
1064 2465 1069 2479 .
1095 2464 1100 2476 .
1130 2413 1293 2479 sublatam
1317 2431 1357 2474 ne

284 2522 384 2603 fieret,
408 2528 439 2585 et
463 2539 575 2584 omnes
600 2522 656 2602 qui
689 2520 804 2584 bonam
840 2524 964 2606 copiam
995 2527 1151 2603 iurarunt,
1185 2541 1227 2585 ne
1250 2529 1357 2585 essent

286 2633 372 2712 nexi,
395 2631 543 2694 dissoluti
567 2633 619 2703 (se.
645 2630 751 2698 suntl'.

392 2737 485 2800 Alter
508 2743 554 2802 est
582 2739 682 2819 locus,
714 2737 771 2801 ubi
795 2737 970 2803 Muellerus
1002 2740 1086 2802 hanc
1114 2739 1285 2803 formulam
1309 2758 1356 2801 re-

286 2849 391 2911 stituit
413 2846 504 2928 Vlil,
528 2847 546 2927 ξ
573 2847 612 2909 10
636 2868 665 2929 p.
693 2846 768 2910 400.
814 2847 942 2912 Tradita
978 2854 1087 2912 eutem
1122 2854 1170 2912 est
1201 2849 1356 2932 particula

288 2950 360 3037 ‘ne‘,
387 2957 477 3020 locus
508 2956 691 3032 lacunosae,
724 2956 897 3020 verborum
932 2961 1130 3022 continuatio
1165 2977 1356 3041 magnopere

286 3065 423 3129 turbata.
469 3065 582 3148 ltaque
618 3065 704 3147 quod
733 3065 909 3130 Muellerus
943 3087 1000 3152 pro
1037 3067 1098 3131 ‘ne'
1132 3069 1275 3150 reposuit
1311 3067 1357 3129 ‘at

286 3175 348 3255 ne’‚
372 3181 402 3238 et
430 3173 527 3237 verba
561 3175 808 3256 interpolavita
841 3177 961 3259 quibus
996 3179 1079 3240 hanc
1107 3177 1279 3241 formulam
1304 3177 1356 3239 de-

287 3283 478 3366 pendentem
506 3284 625 3347 laceret
663 3283 859 3348 ‘institutum
895 3286 963 3367 est',
1002 3288 1074 3368 quis
1113 3305 1225 3350 verum
1264 3285 1355 3348 illum

287 3393 405 3455 vidisse
429 3388 583 3472 credati3)

395 3502 480 3570 lleve
501 3502 659 3584 particula
681 3503 716 3563 in
741 3502 831 3567 libris
856 3504 894 3567 de
918 3505 937 3570 l.
962 3505 981 3567 l.
1007 3526 1024 3568 a
1050 3506 1194 3569 Varrone
1225 3491 1354 3567 omnino

287 3631 353 3673 non
376 3612 515 3695 ponitur,
538 3612 572 3672 in
595 3611 658 3673 illis
683 3611 722 3674 de
746 3633 771 3675 r.
789 3634 812 3676 r.
831 3614 958 3696 scriptis
975 3614 1121 3697 exempla
1137 3614 1247 3678 inveni
1262 3613 1353 3676 haec:

289 3720 311 3800 Ι,
338 3722 366 3800 9,
391 3719 459 3799 7(si
474 3722 514 3783 sit
531 3728 614 3784 terra
638 3720 748 3784 alba..
768 3725 948 3804 naturaque
964 3742 1029 3784 non
1054 3725 1095 3786 sit
1110 3723 1253 3786 cineritia
1276 3741 1355 3785 nero

309 3827 504 3835 ————

395 3913 421 3980 1)
441 3912 485 3966 Sic
504 3914 561 3968 eod.
581 3913 611 3966 B.
632 3913 698 3967 libor
716 3914 859 3968 admodum
878 3914 1053 3985 interpolatus
1072 3919 1098 3968 et
1118 3918 1260 3969 correctus.

396 4004 422 4071 2)
441 4005 487 4059 cu.
506 3990 604 4058 roias
622 4005 673 4062 nr.
692 4004 768 4058 eom.
789 4005 829 4059 ea.
849 4005 895 4059 iv.
915 4023 940 4074 p,
959 4006 1021 4060 eoa.

394 4096 420 4164 3)
440 4096 480 4148 De
500 4096 672 4150 Ciceroniana
699 4097 781 4148 liuius
803 4096 931 4150 formulae
950 4113 1003 4150 usn
1025 4098 1085 4150 vide
1107 4097 1223 4166 Madvig.
1245 4099 1279 4152 ad
1301 4098 1352 4152 Cic.

288 4189 320 4239 de
340 4189 384 4240 lin.
403 4187 437 4240 l.
458 4203 514 4254 cap.
534 4187 569 4240 20
588 4187 604 4255 ξ
624 4187 665 4240 64.
