2888 4854
608 359 647 454 22

95 564 169 610 esse
192 544 397 628 videbantur,
428 548 483 629 qui
517 565 628 610 omnes
661 546 697 610 in
729 545 884 612 vocabulo
917 553 1044 614 tantum
1075 553 1162 635 quod

97 659 149 718 est
173 653 315 738 ‘aliquid’
335 656 490 720 mendum
522 657 628 720 inesse
651 656 815 740 putabant.
861 656 955 746 Unus
983 658 1162 754 Scaligerus

96 763 196 827 iniis
221 770 403 847 quaesunt
434 765 544 830 ‘causa
574 764 630 828 ibi’
665 765 830 830 offendens
865 767 1051 834 mutandam
1093 788 1162 835 esse
1248 821 1252 830 .

95 873 247 937 codicum
270 874 442 938 lectionem
465 875 600 940 coniecit
623 876 683 939 sic:
710 874 755 938 ‘in
774 876 932 940 conviviis
950 882 987 942 ut
1001 855 1162 963 gausape!

205 980 323 1048 Mirare
360 985 484 1068 ingenii
521 984 750 1068 praestantiam
787 989 819 1049 et
856 985 1017 1051 doctrinae
1063 1008 1162 1070 quam

97 1112 249 1176 magnam
282 1094 419 1176 copiam!
466 1094 554 1160 Nihil
587 1093 685 1158 habes
720 1095 806 1176 quod
841 1099 952 1159 contra
983 1098 1161 1162 remedium

94 1201 179 1286 illud
201 1202 350 1285 proferas
385 1204 450 1268 nisi
471 1203 552 1267 forte
575 1202 659 1266 hanc
682 1207 719 1266 ut
742 1202 821 1268 alias
849 1206 967 1269 multas
988 1206 1076 1272 illius
1099 1209 1162 1271 riri

94 1312 299 1376 coniecturas
323 1331 388 1375 non
411 1313 608 1377 necessarias
632 1316 663 1376 et
685 1313 787 1376 nimia
809 1315 914 1397 petius
941 1316 1064 1396 ingenii
1098 1316 1161 1381 elc-

93 1421 208 1503 gantia
231 1421 431 1504 audaciaque
454 1422 555 1486 factas
579 1441 650 1488 esse
672 1423 847 1487 existimas.
893 1423 932 1486 Id
962 1424 1050 1507 quod
1081 1424 1160 1490 Leo-

97 1531 219 1594 nardus
243 1530 434 1614 Spengelius
458 1529 659 1614 arbitratur1)
682 1532 833 1596 lacunam
853 1533 913 1596 hoc
931 1533 1000 1598 loco
1016 1539 1160 1600 statuens

93 1659 135 1704 ac
150 1641 323 1724 legendum
338 1660 520 1724 proponens
536 1641 611 1704 hoc:
638 1641 695 1705 ‘sic
712 1640 786 1723 alia;
810 1643 888 1706 item
904 1644 1047 1706 convivii
1062 1664 1161 1708 causa

95 1749 142 1814 ibi
166 1751 298 1814 multa.
324 1800 331 1815 .
357 1750 376 1816 .’

205 1860 273 1944 Ego
297 1861 327 1923 h.
349 1860 370 1922 l.
393 1859 546 1923 lacunam
569 1865 600 1924 et
623 1880 719 1943 quam
744 1860 830 1924 idem
846 1860 1037 1946 Spengelius
1060 1862 1161 1926 credit

95 1970 379 2051 transpositionem
408 1969 554 2032 locorum
581 1967 634 2054 (de
658 1970 764 2052 qual.
789 1989 814 2034 c.
849 1973 1029 2035 accuratius
1061 1972 1160 2036 disse·

96 2074 176 2161 ruit)
201 2078 404 2142 statuendam
428 2097 499 2142 esse
514 2079 594 2140 milri
613 2098 679 2142 non
695 2072 881 2161 persuasi;2l
905 2099 1003 2162 quare
1018 2082 1160 2164 primum

97 2187 439 2266 vocabulum‘multa'
464 2189 583 2271 qnippe
618 2189 704 2270 quod
738 2205 812 2250 cum
847 2189 960 2252 ceteris
996 2209 1079 2271 quae
1111 2209 1160 2254 se-

97 2301 256 2379 quuntur,
278 2297 418 2380 perbene
442 2297 622 2378 conveniat,
646 2315 721 2360 cum
743 2297 793 2360 his
810 2297 1074 2381 coniungendam
1090 2317 1160 2366 esse

98 2401 250 2485 censendi
295 2405 376 2469 Turn
400 2425 477 2471 uero
500 2407 624 2488 reliqua
646 2405 752 2494 verba¹
767 2424 785 2468 e
801 2405 963 2490 Spengelii
979 2408 1163 2473 coniectura

98 2515 179 2577 mihi
200 2535 268 2578 non
290 2520 376 2579 recte
399 2534 433 2579 se
455 2514 572 2579 habere
595 2515 759 2595 videntum
785 2517 904 2580 etenim
920 2535 995 2580 cum
1013 2519 1163 2600 peristro-

99 2628 186 2687 mata
209 2629 241 2688 et
264 2627 511 2710 peripetasmata
535 2624 575 2688 ad
599 2623 741 2688 ‘causam
764 2625 914 2688 convivii’
938 2627 957 2689 i.
975 2645 1000 2690 e.
1025 2628 1066 2691 ad
1088 2629 1163 2692 lecti

97 2734 278 2797 convivalis
318 2738 505 2817 apparatum
542 2735 732 2817 pertineant,
772 2753 831 2818 ego
868 2754 935 2798 non
973 2736 1065 2801 video
1105 2739 1163 2820 qui

100 2842 201 2906 Varro
234 2843 284 2907 his
314 2843 477 2906 vocabulis
510 2843 627 2906 addere
654 2845 755 2926 possit
779 2842 867 2908 ‘item
885 2846 1037 2935 convivii
1064 2865 1165 2910 causa

97 2948 194 3034 ibi’.4)
777 3017 779 3020 .

206 3062 336 3126 Addere
360 3061 473 3126 debuit
494 3063 529 3124 id
545 3062 632 3145 qnod
656 3081 714 3145 ego
729 3062 904 3145 legendum
930 3082 1082 3147 propono,
1095 3062 1164 3151 R‘sic

97 3171 222 3253 reliqua
245 3171 323 3235 item
347 3171 488 3234 convivii
510 3175 547 3234 ut
569 3170 730 3255 gausape’.

205 3346 231 3415 1)
251 3346 299 3402 cfr.
318 3345 439 3399 libellum
462 3346 506 3400 cui
523 3345 664 3414 inscripsit
681 3340 919 3402 ‘Emendationnm
938 3347 1167 3402 Varronianarum

95 3437 236 3507 specimen
255 3437 277 3496 I.
297 3435 414 3508 (Monaci
433 3437 513 3508 1830)
531 3454 557 3507 p.
577 3439 619 3494 16.

205 3529 232 3597 2)
251 3529 300 3584 cfr.
318 3528 478 3583 Muellerum
498 3531 532 3584 ad
550 3529 584 3598 V,
603 3533 618 3598 ς
640 3529 697 3584 105.
722 3589 724 3594 ,

206 3619 232 3690 3)
251 3620 363 3675 Accedit
380 3617 524 3674 'Prisciani
542 3622 727 3676 testimonium
751 3621 797 3675 vel
814 3622 931 3676 auctoris
952 3621 1105 3692 quicunque
1124 3623 1166 3676 est

98 3713 132 3772 de
160 3712 254 3780 liguris
281 3726 464 3780 numerorum,
493 3713 541 3781 qui
568 3713 658 3768 locum
679 3714 816 3782 integrum
839 3713 872 3766 de
897 3715 1006 3782 argento
1034 3713 1165 3768 exhibuit.

98 3803 193 3871 incipit
207 3798 307 3856 ‘Multa
324 3802 454 3871 pecuniae
467 3845 473 3858 .
485 3846 491 3860 .
502 3803 516 3862 ,¹
537 3804 671 3874 (Spengel.
689 3804 708 3860 l.
720 3821 742 3858 c.
756 3821 781 3874 p.
795 3805 836 3871 16,
855 3822 882 3860 n.
902 3805 955 3876 16.)
974 3806 1023 3868 cir.
1039 3803 1165 3872 Hultsch‚

98 3894 202 3949 Metrol.
222 3895 314 3963 script.
334 3894 383 3950 rel.
400 3895 436 3951 IL
456 3896 547 3965 (1866)
566 3913 591 3965 p.
610 3896 653 3951 49.
1008 3958 1010 3962 ,

205 3986 233 4055 4)
252 3980 311 4040 ‘lbi'
331 3985 397 4056 quid
416 3986 468 4040 sibi
487 3987 555 4040 velit
572 3988 679 4055 nescim
707 3989 778 4042 carte
802 4005 856 4043 non
880 4004 945 4042 cum
963 3985 1104 4058 Spengelio
1122 4003 1164 4041 re·

97 4077 240 4131 terendum
258 4079 300 4131 est
318 4078 352 4132 ad
370 4079 480 4132 domum
498 4073 538 4131 ‘in
556 4095 611 4149 qua
629 4079 715 4134 multa
732 4077 865 4135 vocabula
883 4078 1005 4133 convivii
1023 4094 1105 4135 causa
1121 4079 1163 4134 in·

99 4172 179 4224 venta
196 4169 277 4227 sunt’.
