2888 4854
744 369 787 434 52

238 563 388 647 publicae
412 563 565 644 acquirat,
589 581 655 624 non
679 562 755 625 emit
776 559 830 623 ille
855 559 959 642 quoad
987 561 1126 643 pretium
1148 563 1304 638 consistit,

238 673 292 738 sed
316 692 400 736 cum.
414 672 564 735 constitit.
610 667 757 733 Demittit
791 689 867 732 vero
899 671 1038 751 pretinm
1072 677 1144 754 post
1178 673 1302 734 maiora

236 782 338 866 pretia
360 783 485 844 minora
507 781 729 863 pronuntians,
753 779 853 842 donec
877 779 917 841 ad
941 780 1110 843 minimum
1134 781 1300 863 pervenit'

143 901 145 912 '
237 891 307 974 Ego
338 892 372 953 in
405 889 594 978 demittendi
617 887 753 951 verbum
781 888 866 952 idem
889 888 1013 970 profero
1039 890 1123 970 quod
1147 909 1243 973 supra
1264 891 1302 952 in
1337 903 1345 914 ·

238 999 371 1064 verbum
396 998 546 1062 demendi
569 998 655 1071 dixi,
681 1015 790 1079 quare,
813 996 899 1078 quod
921 998 954 1058 in
978 996 1067 1060 hunc
1089 999 1198 1061 iocum
1223 1019 1303 1081 qna-

237 1107 307 1170 drat
318 1108 480 1170 vendendi
493 1106 639 1186 verbum,
654 1106 788 1170 traditae
798 1105 926 1168 lectioni
939 1106 1140 1189 aliquantum
1159 1113 1302 1172 mutatae

237 1217 284 1278 sic
306 1217 407 1278 inseri
430 1216 546 1280 velim:
573 1214 670 1296 ‘quod
694 1233 800 1296 usque
834 1214 946 1278 uendit
982 1216 1086 1297 quoad
1121 1219 1156 1280 in
1190 1218 1302 1300 aliquo

238 1325 383 1387 consistit
404 1323 563 1408 pretium'.
596 1363 623 1370 -

343 1433 407 1496 VII
430 1433 449 1520 ξ
473 1435 493 1496 8
516 1454 546 1516 p.
571 1433 634 1495 290
659 1434 737 1496 haec
771 1433 925 1515 particula
960 1452 1022 1496 non
1060 1440 1108 1498 est
1131 1434 1301 1513 Varronis,

240 1543 296 1606 sed
317 1543 397 1626 legis
414 1544 579 1607 cuiusdam
594 1562 691 1625 qnam
714 1542 767 1604 ille
781 1542 921 1624 exempli
937 1561 1034 1606 causa
1053 1544 1166 1608 attulit.
1191 1544 1303 1607 Verba

239 1656 352 1714 autem·
384 1658 460 1715 sunt
493 1653 586 1715 haec:
623 1651 729 1714 ‘Tesca
752 1700 758 1712 .
785 1701 791 1715 .
815 1670 867 1714 me
890 1653 935 1714 ita
967 1657 1074 1731 sunto,
1101 1655 1205 1736 quoad
1241 1673 1302 1737 ego

237 1766 323 1824 caste
358 1762 470 1844 lingua
505 1759 755 1844 nuncupavera'
802 1757 890 1834 Quae
914 1780 988 1824 cum
1014 1761 1052 1824 de
1079 1762 1148 1825 loco
1172 1764 1302 1845 augurii
1356 1775 1358 1778 ’

239 1876 295 1934 aut
318 1871 453 1953 auspicii
477 1889 574 1932 causa
590 1869 771 1933 definiendo
784 1869 938 1947 dicantur,
958 1870 1084 1953 ‘quoad’
1105 1871 1302 1935 vocabulum

151 1973 153 1976 ’
237 1979 289 2042 bio
312 1997 379 2041 non
402 1980 639 2042 coniunctionis
663 1997 746 2060 quae
769 1984 920 2060 vocatur,
940 1981 997 2044 sed
1023 1982 1130 2062 potius
1158 1980 1304 2044 adverbii

236 2092 342 2170 partes
386 2107 479 2171 agere
523 2093 671 2171 apparet3
716 2107 814 2152 sensu
858 2090 944 2151 enim
993 2090 1102 2153 eodem
1148 2096 1197 2153 est
1236 2109 1303 2171 quo

238 2194 429 2277 quatenus.

343 2303 393 2366 IX
409 2303 428 2390 ξ
443 2307 461 2368 1,
485 2327 513 2388 p.
527 2307 589 2368 457
607 2312 687 2370 extr.
710 2305 866 2369 Varronis
891 2327 973 2389 quae
998 2313 1110 2371 extant
1132 2310 1166 2370 in
1191 2309 1304 2372 codice

237 2411 270 2474 F.
293 2413 401 2494 verba,
424 2434 498 2477 cum
522 2412 721 2497 Spengeliol)
746 2417 792 2478 sic
815 2418 962 2480 restituo:

342 2523 548 2587 Aristarchus
573 2524 612 2587 de
636 2524 861 2606 aequabilitate
879 2523 1001 2608 queml)
1026 2523 1161 2608 scribite
1187 2526 1303 2589 verbo-

236 2650 310 2694 rum
341 2620 625 2715 'similitudinem3t
671 2633 933 2716 quodammodo4)
975 2636 1009 2697 in
1054 2634 1300 2718 declinatione5)

236 2734 358 2820 sequiss)
382 2739 481 2822 iubet,
505 2742 611 2824 quoad
634 2745 774 2826 patiatur
798 2745 1007 2808 consuetudo.

342 2847 383 2912 Et
399 2849 437 2913 de
449 2851 543 2914 modo
560 2852 764 2915 coniunctivo
788 2853 820 2916 id
836 2854 934 2918 velim
952 2854 1199 2934 animadvertas,
1223 2873 1300 2917 eum

236 2963 364 3041 propter
398 2961 574 3022 orationem
613 2959 779 3043 obliquam
814 2999 850 3008 -
882 2963 1060 3026 Aristarchi
1098 2963 1182 3026 enim
1222 2969 1304 3024 sunt

238 3067 336 3130 verba
370 3105 409 3113 -
445 3068 622 3132 admissum
657 3089 737 3134 esse.
806 3070 969 3134 Particnla
1004 3077 1111 3135 autem
1151 3073 1220 3154 ipsa
1263 3071 1302 3134 id

239 3177 326 3259 quod
349 3176 447 3240 verbo
460 3179 617 3259 sequendi
641 3180 810 3258 indicatur,
833 3182 893 3243 hoe
907 3200 1035 3263 qnoque
1057 3181 1126 3244 loco
1150 3186 1303 3245 naturam

272 3402 277 3416 ·
344 3372 370 3438 1)
390 3371 430 3423 De
449 3373 553 3427 emend.
573 3375 622 3433 rat,
642 3392 667 3441 p,
687 3375 712 3433 9,

345 3461 370 3530 1)
389 3455 557 3516 ‘Conscribit'
577 3464 636 3526 cod,
655 3467 685 3523 F.
705 3495 739 3504 -
757 3461 847 3533 ‘quom
866 3465 964 3520 scribit
985 3467 1138 3526 Muellerus,

344 3552 369 3621 2)
388 3548 425 3606 ‘et
443 3552 593 3606 verborum’
612 3554 641 3610 F.
661 3588 694 3596 —
714 3552 763 3610 ‘de'
784 3559 845 3611 ante
863 3552 1024 3611 ‘vorborum’
1043 3558 1073 3610 in
1097 3558 1154 3613 cod.
1181 3557 1302 3611 deletum

236 3647 291 3710 est,
312 3644 344 3702 cf.
364 3644 458 3703 Groth,
476 3661 502 3712 p.
522 3646 556 3699 53
575 3663 600 3700 n.
619 3648 679 3704 327.

343 3735 371 3801 3)
390 3733 435 3788 Sic
454 3736 511 3789 eod.
533 3736 574 3803 E,
595 3739 642 3797 cir,
662 3739 746 3794 Groth
773 3739 791 3794 l.
811 3757 833 3794 o.

343 3825 370 3895 4)
389 3824 418 3881 F.
437 3820 630 3894 quarundam.
650 3859 684 3868 —
702 3830 754 3885 Pro
767 3825 978 3900 ‘quodammodo'
991 3830 1113 3898 potiusne
1126 3830 1298 3884 scribendum

237 3917 272 3970 sit
289 3912 440 3984 ‘quandam'
460 3919 536 3986 rogat
555 3918 684 3974 Gmthius
701 3921 719 3975 l.
739 3938 753 3975 c

343 4008 370 4075 5)
388 4004 590 4065 ‘inclinationes’
609 4009 631 4062 F

343 4097 370 4166 6)
388 4100 459 4152 Ante
482 4094 576 4168 ‘sequi’
601 4117 747 4169 pronomen
772 4097 836 4158 ‘nos’
856 4104 1022 4158 intercidisse
1048 4104 1298 4173 suspicaturus,

237 4189 281 4248 w,
300 4187 391 4246 naon.
411 4187 429 4246 1.
448 4207 470 4250 ο,
490 4209 515 4258 p.
534 4191 595 4251 sea.
