2888 4854
607 375 648 450 29

94 573 216 635 violam
233 575 263 635 et
286 571 395 633 hortos
417 570 526 634 facias‘
558 559 653 655 plane
676 573 767 635 aliter
788 573 1066 656 interpungendus
1090 582 1165 638 esse

97 682 176 743 mihi
199 680 337 744 videtur.
368 678 453 743 Nam
475 679 580 744 Varro
604 701 678 745 oum
703 681 765 744 alia
787 683 821 745 in
845 682 978 746 humido
1001 683 1071 746 loco
1095 683 1162 747 seri

95 795 242 874 oportere
265 790 408 871 dixisset,
432 809 520 854 nunc
544 790 604 853 alia
628 796 857 855 commemorat
880 790 974 875 ‘quae
990 791 1166 856 aridaloca

98 899 291 984 sequuntur'
315 901 365 962 his
387 899 509 963 verbis:
544 899 674 964 ‘Contra
696 899 755 964 ubi
778 907 901 984 segetes
923 901 1161 983 frumentarias,

97 1008 155 1071 ubi
177 1008 285 1072 fabam
316 1009 518 1094 potissimum
543 1029 639 1084 seras,
669 1011 745 1074 item
770 1011 832 1073 alia
855 1031 938 1093 quae
970 1012 1059 1075 arida
1090 1012 1162 1076 loca

98 1118 299 1200 sequuntur’.
328 1117 349 1182 J
351 1139 403 1182 am
419 1138 494 1182 vero
510 1118 569 1182 hoo
586 1119 771 1184 discrimine
786 1120 869 1183 facto
886 1119 925 1182 ad
942 1120 1028 1184 aliud
1045 1105 1162 1184 transit

96 1227 271 1291 discrimen
296 1228 382 1311 quod
405 1233 453 1292 est
475 1229 560 1291 inter
583 1218 735 1292 umbrosa
757 1229 827 1291 loca
851 1234 882 1292 et
905 1231 1027 1312 aprica3
1060 1249 1163 1314 quare

96 1342 169 1421 post
192 1336 327 1401 verbum
352 1335 556 1422 ‘sequuntur'
590 1339 710 1420 majore
732 1341 992 1422 interpunctione
1014 1325 1164 1402 inciden-

97 1447 185 1528 dum,
210 1446 314 1512 ‘siout'
338 1452 446 1510 autem
469 1434 662 1511 mutandum
686 1466 756 1511 esse
779 1450 812 1511 in
838 1447 895 1512 ‘sic
918 1449 965 1512 ut'
998 1467 1056 1532 ego
1080 1447 1161 1511 mihi

97 1559 253 1640 persuasi.
300 1556 372 1621 ‘Sic'
396 1557 482 1621 enim
505 1557 622 1621 vocula
645 1568 825 1640 (nunquam
846 1559 962 1643 siout)
980 1560 1063 1622 utin
1080 1545 1162 1622 enuss

96 1667 260 1731 morandis
284 1668 398 1731 similis
420 1670 556 1730 naturae
580 1667 765 1732 notionibus
789 1671 974 1752 saepissime
991 1668 1168 1732 adhibetur

97 1781 129 1840 et
151 1797 286 1858 prorsus
308 1776 394 1841 idern
416 1776 503 1840 valet
526 1777 613 1862 quod
637 1777 698 1860 ‘et’‚
733 1779 778 1842 sic
809 1779 845 1842 in
869 1779 1058 1863 copulandis
1085 1763 1160 1842 senss

97 1888 215 1968 tentiis,
237 1888 277 1950 iis
301 1906 383 1970 quae
406 1888 511 1951 simile
535 1887 657 1971 aliquid
685 1889 850 1951 continent
877 1925 921 1934 -
943 1889 1003 1951 hoc
1028 1889 1159 1972 quidem

94 1997 167 2059 ioco
201 1997 371 2080 regionum
406 1997 593 2061 discrimina
627 2002 859 2060 enumerantur
892 2034 935 2043 -
966 1997 1162 2063 creberrime

95 2105 204 2168 locum
239 2105 335 2170 habet
370 2125 408 2169 ac
442 2109 524 2170 verti
557 2110 661 2189 potest
693 2107 851 2189 particula
875 2106 999 2190 ‘porrot
1045 2107 1162 2190 Itaque

96 2219 201 2278 totum
223 2216 313 2279 hunc
334 2216 443 2279 locum
465 2215 636 2299 legendum
655 2235 797 2299 propono
814 2218 873 2280 sic:
900 2215 1051 2280 ‘Idoneus
1066 2217 1162 2280 locus

96 2325 276 2408 eligendus
310 2325 368 2389 ubi
389 2325 489 2389 facias
513 2326 661 2390 salictum
697 2330 728 2388 et
751 2325 990 2405 arundinetum,
1027 2328 1073 2390 sic
1096 2327 1160 2389 alia

97 2455 181 2518 quae
204 2435 375 2499 humidum
396 2436 506 2498 locum
531 2441 704 2518 quaerunt3
730 2439 840 2498 contra
864 2435 922 2498 ubi
945 2439 1068 2518 segetes
1091 2435 1106 2496 f
1145 2471 1162 2482 ·

96 2547 280 2622 menterias
315 2543 372 2607 ubi
395 2544 502 2608 fabam
524 2547 726 2628 potissimum
752 2563 846 2625 seras,
877 2546 954 2608 item
990 2545 1052 2607 alia
1076 2564 1162 2627 quae

95 2655 186 2716 arida
209 2655 279 2718 loca
303 2661 493 2736 sequuntur.
551 2653 604 2718 Sic
627 2659 665 2719 ut
688 2654 848 2718 umbrosis
871 2654 950 2717 locis
975 2654 1037 2717 alia
1060 2673 1163 2735 seras,

95 2771 133 2828 ut
156 2763 293 2828 corruda
315 2800 369 2841 -,
394 2770 424 2828 et
447 2763 597 2848 apricislr,
621 2770 657 2826 ut
679 2764 725 2827 ibi
750 2783 838 2828 seras
861 2764 978 2828 violam
996 2769 1027 2826 et
1049 2765 1163 2827 hortos

94 2873 216 2937 facias'
240 2911 282 2920 -
305 2874 455 2938 Alterum
477 2875 575 2938 huius
590 2874 764 2957 particulae
787 2874 972 2957 exemplum
996 2874 1083 2956 quod
1103 2865 1162 2937 exss

96 2987 142 3046 tat
163 2981 328 3064 ssiam,
350 2983 439 3045 nullo
462 2983 611 3047 codicum
633 2982 843 3048 fundamento
866 2985 988 3048 nititur.
1024 2983 1163 3048 codices

95 3093 193 3169 enim,
210 3112 291 3175 quos
305 3091 468 3158 Gesnerus
491 3095 648 3177 sequitur,
672 3095 733 3157 sic:
761 3093 805 3157 ‘Si
828 3095 862 3156 in
880 3093 1043 3156 farciendo
1059 3094 1163 3156 nimio

93 3200 168 3263 cibo
190 3201 369 3282 fastidiunt,
392 3202 622 3267 remittendum
644 3204 678 3265 in
703 3202 830 3265 datione
863 3221 920 3286 pro
943 3203 1089 3285 portione
1122 3221 1164 3265 ao

97 3309 207 3373 decem
241 3312 354 3394 primis
389 3312 552 3394 processit,
592 3313 627 3374 in
661 3311 896 3395 posterioribus
931 3315 968 3374 ut
992 3311 1161 3375 deminuat

96 3418 207 3482 eadem
232 3419 375 3484 ratione!
405 3420 469 3484 Pro
494 3419 551 3484 ‘ac'
574 3421 731 3504 particula
763 3426 887 3486 veteres
911 3421 1068 3506 quaedam
1092 3421 1163 3484 edi·

95 3529 210 3606 tiones,
248 3530 458 3612 interpolatae
492 3531 622 3608 scilicet,
658 3529 761 3594 ‘sicut’
801 3529 965 3611 exhibent,
1001 3531 1034 3593 id
1071 3529 1161 3612 quod

94 3637 312 3702 Schneiderus
344 3644 464 3703 temere
499 3641 667 3722 amplexus
702 3645 759 3704 est.
815 3638 926 3703 ‘Sicut'
959 3641 1046 3702 enim
1069 3639 1160 3701 nulla

94 3749 219 3811 ratione
241 3747 294 3811 hio
316 3748 392 3812 farri
415 3754 527 3832 potest,
551 3748 609 3812 ‘ao’
633 3768 708 3812 vero
731 3755 806 3834 post
829 3748 964 3812 verbum
996 3747 1063 3830 ‘pro
1086 3765 1164 3829 por-

93 3856 251 3940 portione’
274 3877 340 3920 non
364 3857 473 3921 minus
497 3863 581 3922 recte
605 3877 639 3922 se
662 3858 757 3923 habet
780 3877 879 3941 quam
902 3858 1053 3941 postilla
1077 3873 1165 3941 quae·

204 4098 232 4168 1)
250 4091 286 4152 ‘et
304 4099 411 4167 apricis’
430 4116 482 4155 om.
501 4097 558 4154 Pol.
