<?xml version="1.0" encoding="UTF-8"?>
<!DOCTYPE html PUBLIC "-//W3C//DTD XHTML 1.0 Transitional//EN"
    "http://www.w3.org/TR/xhtml1/DTD/xhtml1-transitional.dtd">
<html xmlns="http://www.w3.org/1999/xhtml" xml:lang="en" lang="en">
 <head>
  <title>
</title>
<meta http-equiv="Content-Type" content="text/html;charset=utf-8" />
  <meta name='ocr-system' content='tesseract 3.04.00' />
  <meta name='ocr-capabilities' content='ocr_page ocr_carea ocr_par ocr_line ocrx_word'/>
</head>
<body>
  <div class='ocr_page' id='page_1' title='image "./quaestionesvarr01reitgoog_0129.png"; bbox 0 0 2908 4846; ppageno 0'>
   <div class='ocr_carea' id='block_1_1' title="bbox 723 392 842 494">
    <p class='ocr_par' dir='ltr' id='par_1_1' title="bbox 723 392 842 494">
     <span class='ocr_line' id='line_1_1' title="bbox 723 392 842 494; baseline 0.008 -37"><span class='ocrx_word' id='word_1_1' title='bbox 723 489 726 494; x_wconf 14' lang='grc' dir='ltr'>Ι</span> <span class='ocrx_word' id='word_1_2' title='bbox 781 392 842 458; x_wconf 83' lang='lat'><strong>120</strong></span> 
     </span>
    </p>
   </div>
   <div class='ocr_carea' id='block_1_2' title="bbox 279 578 1348 2395">
    <p class='ocr_par' dir='ltr' id='par_1_2' title="bbox 279 578 1345 993">
     <span class='ocr_line' id='line_1_2' title="bbox 385 578 1343 664; baseline 0.004 -22"><span class='ocrx_word' id='word_1_3' title='bbox 385 578 575 642; x_wconf 86' lang='lat' dir='ltr'><strong>Ablativum</strong></span> <span class='ocrx_word' id='word_1_4' title='bbox 608 578 654 642; x_wconf 70' lang='lat' dir='ltr'><strong>‘in</strong></span> <span class='ocrx_word' id='word_1_5' title='bbox 683 581 778 644; x_wconf 89' lang='lat' dir='ltr'><strong>terra’</strong></span> <span class='ocrx_word' id='word_1_6' title='bbox 811 587 920 645; x_wconf 89' lang='lat' dir='ltr'><strong>tenere</strong></span> <span class='ocrx_word' id='word_1_7' title='bbox 952 600 1017 643; x_wconf 90' lang='lat' dir='ltr'><strong>non</strong></span> <span class='ocrx_word' id='word_1_8' title='bbox 1049 581 1143 645; x_wconf 91' lang='lat' dir='ltr'><strong>modo</strong></span> <span class='ocrx_word' id='word_1_9' title='bbox 1171 583 1255 664; x_wconf 87' lang='lat' dir='ltr'><strong>lieet,</strong></span> <span class='ocrx_word' id='word_1_10' title='bbox 1286 583 1343 646; x_wconf 88' lang='lat' dir='ltr'><strong>sed</strong></span> 
     </span>
     <span class='ocr_line' id='line_1_3' title="bbox 279 690 1345 774; baseline 0.004 -24"><span class='ocrx_word' id='word_1_11' title='bbox 279 705 414 772; x_wconf 89' lang='lat' dir='ltr'><strong>prorsus</strong></span> <span class='ocrx_word' id='word_1_12' title='bbox 437 706 569 752; x_wconf 89' lang='lat' dir='ltr'><strong>necesse</strong></span> <span class='ocrx_word' id='word_1_13' title='bbox 592 695 649 770; x_wconf 80' lang='lat' dir='ltr'><strong>est,</strong></span> <span class='ocrx_word' id='word_1_14' title='bbox 679 692 838 774; x_wconf 81' lang='lat' dir='ltr'><strong>siquidem</strong></span> <span class='ocrx_word' id='word_1_15' title='bbox 863 690 1021 754; x_wconf 88' lang='lat' dir='ltr'><strong>sententia</strong></span> <span class='ocrx_word' id='word_1_16' title='bbox 1044 694 1093 754; x_wconf 91' lang='lat' dir='ltr'><strong>est</strong></span> <span class='ocrx_word' id='word_1_17' title='bbox 1114 691 1206 756; x_wconf 88' lang='lat' dir='ltr'><strong>haec:</strong></span> <span class='ocrx_word' id='word_1_18' title='bbox 1242 691 1345 756; x_wconf 77' lang='lat' dir='ltr'><strong>‘Udor</strong></span> 
     </span>
     <span class='ocr_line' id='line_1_4' title="bbox 283 797 1343 884; baseline 0.005 -24"><span class='ocrx_word' id='word_1_19' title='bbox 283 797 432 879; x_wconf 84' lang='lat' dir='ltr'><strong>quamvis</strong></span> <span class='ocrx_word' id='word_1_20' title='bbox 464 798 506 860; x_wconf 89' lang='lat' dir='ltr'><strong>sit</strong></span> <span class='ocrx_word' id='word_1_21' title='bbox 542 797 692 862; x_wconf 89' lang='lat' dir='ltr'><strong>deorsum</strong></span> <span class='ocrx_word' id='word_1_22' title='bbox 727 802 763 864; x_wconf 92' lang='lat' dir='ltr'><strong>in</strong></span> <span class='ocrx_word' id='word_1_23' title='bbox 798 806 892 882; x_wconf 89' lang='lat' dir='ltr'><strong>terra,</strong></span> <span class='ocrx_word' id='word_1_24' title='bbox 933 804 1041 862; x_wconf 88' lang='lat' dir='ltr'><strong>tamen</strong></span> <span class='ocrx_word' id='word_1_25' title='bbox 1069 801 1155 863; x_wconf 90' lang='lat' dir='ltr'><strong>sumi</strong></span> <span class='ocrx_word' id='word_1_26' title='bbox 1180 805 1264 884; x_wconf 88' lang='lat' dir='ltr'><strong>pote.</strong></span> <span class='ocrx_word' id='word_1_27' title='bbox 1309 801 1343 865; x_wconf 90' lang='lat' dir='ltr'><strong>Is</strong></span> 
     </span>
     <span class='ocr_line' id='line_1_5' title="bbox 282 906 1167 993; baseline 0.007 -25"><span class='ocrx_word' id='word_1_28' title='bbox 282 911 392 969; x_wconf 90' lang='lat' dir='ltr'><strong>autem</strong></span> <span class='ocrx_word' id='word_1_29' title='bbox 414 906 515 986; x_wconf 81' lang='lat' dir='ltr'><strong>locus,</strong></span> <span class='ocrx_word' id='word_1_30' title='bbox 539 907 628 972; x_wconf 91' lang='lat' dir='ltr'><strong>unde</strong></span> <span class='ocrx_word' id='word_1_31' title='bbox 651 911 738 972; x_wconf 90' lang='lat' dir='ltr'><strong>sumi</strong></span> <span class='ocrx_word' id='word_1_32' title='bbox 760 915 843 993; x_wconf 75' lang='lat' dir='ltr'><strong>pote,</strong></span> <span class='ocrx_word' id='word_1_33' title='bbox 865 908 988 973; x_wconf 89' lang='lat' dir='ltr'><strong>Puteus</strong></span> <span class='ocrx_word' id='word_1_34' title='bbox 1011 909 1167 992; x_wconf 75' lang='lat' dir='ltr'><strong>(dictus)&#39;.</strong></span> 
     </span>
    </p>

    <p class='ocr_par' dir='ltr' id='par_1_3' title="bbox 282 1014 1348 2395">
     <span class='ocr_line' id='line_1_6' title="bbox 387 1014 1343 1102; baseline 0.005 -25"><span class='ocrx_word' id='word_1_35' title='bbox 387 1014 461 1096; x_wconf 85' lang='lat' dir='ltr'>VII,</span> <span class='ocrx_word' id='word_1_36' title='bbox 483 1036 513 1099; x_wconf 92' lang='lat' dir='ltr'><strong>p.</strong></span> <span class='ocrx_word' id='word_1_37' title='bbox 538 1017 612 1101; x_wconf 86' lang='grc'>286,</span> <span class='ocrx_word' id='word_1_38' title='bbox 640 1018 659 1101; x_wconf 64' lang='grc' dir='ltr'><strong><em>ξ</em></strong></span> <span class='ocrx_word' id='word_1_39' title='bbox 685 1020 703 1080; x_wconf 84' lang='grc'>5</span> <span class='ocrx_word' id='word_1_40' title='bbox 729 1020 867 1102; x_wconf 91' lang='lat' dir='ltr'><strong>quaein</strong></span> <span class='ocrx_word' id='word_1_41' title='bbox 892 1018 999 1083; x_wconf 88' lang='lat' dir='ltr'><strong>codice</strong></span> <span class='ocrx_word' id='word_1_42' title='bbox 1024 1017 1055 1082; x_wconf 74' lang='lat' dir='ltr'><strong>Il.</strong></span> <span class='ocrx_word' id='word_1_43' title='bbox 1079 1019 1233 1102; x_wconf 87' lang='lat' dir='ltr'><strong>leguntur</strong></span> <span class='ocrx_word' id='word_1_44' title='bbox 1263 1019 1343 1083; x_wconf 69' lang='lat' dir='ltr'><strong>‘tum</strong></span> 
     </span>
     <span class='ocr_line' id='line_1_7' title="bbox 283 1125 1344 1212; baseline 0.007 -26"><span class='ocrx_word' id='word_1_45' title='bbox 283 1143 366 1207; x_wconf 90' lang='lat' dir='ltr'><strong>quae</strong></span> <span class='ocrx_word' id='word_1_46' title='bbox 389 1143 464 1188; x_wconf 88' lang='lat' dir='ltr'><strong>oum</strong></span> <span class='ocrx_word' id='word_1_47' title='bbox 487 1125 686 1207; x_wconf 85' lang='lat' dir='ltr'><strong>temporibus</strong></span> <span class='ocrx_word' id='word_1_48' title='bbox 710 1135 787 1192; x_wconf 90' lang='lat' dir='ltr'><strong>suut</strong></span> <span class='ocrx_word' id='word_1_49' title='bbox 810 1130 983 1192; x_wconf 84' lang='lat' dir='ltr'><strong>coniuncta</strong></span> <span class='ocrx_word' id='word_1_50' title='bbox 1007 1129 1055 1192; x_wconf 89' lang='lat' dir='ltr'><strong>dis</strong></span> <span class='ocrx_word' id='word_1_51' title='bbox 1079 1132 1180 1212; x_wconf 91' lang='lat' dir='ltr'><strong>utque</strong></span> <span class='ocrx_word' id='word_1_52' title='bbox 1196 1148 1269 1192; x_wconf 91' lang='lat' dir='ltr'><strong>cum</strong></span> <span class='ocrx_word' id='word_1_53' title='bbox 1293 1129 1344 1193; x_wconf 90' lang='lat' dir='ltr'><strong>his</strong></span> 
     </span>
     <span class='ocr_line' id='line_1_8' title="bbox 283 1231 1345 1320; baseline 0.006 -24"><span class='ocrx_word' id='word_1_54' title='bbox 283 1233 347 1296; x_wconf 91' lang='lat' dir='ltr'><strong>sint</strong></span> <span class='ocrx_word' id='word_1_55' title='bbox 379 1233 551 1297; x_wconf 86' lang='lat' dir='ltr'><strong>coniuncta</strong></span> <span class='ocrx_word' id='word_1_56' title='bbox 584 1235 769 1320; x_wconf 84' lang='lat' dir='ltr'><strong>adiungam’</strong></span> <span class='ocrx_word' id='word_1_57' title='bbox 808 1257 867 1320; x_wconf 83' lang='lat' dir='ltr'><strong>ego</strong></span> <span class='ocrx_word' id='word_1_58' title='bbox 897 1239 943 1302; x_wconf 88' lang='lat' dir='ltr'><strong>sic</strong></span> <span class='ocrx_word' id='word_1_59' title='bbox 973 1239 1121 1302; x_wconf 76' lang='lat' dir='ltr'><strong>restituo:</strong></span> <span class='ocrx_word' id='word_1_60' title='bbox 1146 1231 1203 1284; x_wconf 76' lang='lat'><strong>‘-</strong></span> <span class='ocrx_word' id='word_1_61' title='bbox 1233 1239 1272 1302; x_wconf 95' lang='lat' dir='ltr'><strong>de</strong></span> <span class='ocrx_word' id='word_1_62' title='bbox 1294 1240 1345 1320; x_wconf 83' lang='lat' dir='ltr'><strong>iis,</strong></span> 
     </span>
     <span class='ocr_line' id='line_1_9' title="bbox 283 1343 1345 1432; baseline 0.004 -26"><span class='ocrx_word' id='word_1_63' title='bbox 283 1349 384 1425; x_wconf 88' lang='lat' dir='ltr'><strong>utque</strong></span> <span class='ocrx_word' id='word_1_64' title='bbox 418 1361 493 1406; x_wconf 88' lang='lat' dir='ltr'><strong>cum</strong></span> <span class='ocrx_word' id='word_1_65' title='bbox 523 1343 574 1408; x_wconf 87' lang='lat' dir='ltr'><strong>his</strong></span> <span class='ocrx_word' id='word_1_66' title='bbox 606 1346 672 1408; x_wconf 89' lang='lat' dir='ltr'><strong>sint</strong></span> <span class='ocrx_word' id='word_1_67' title='bbox 703 1348 883 1429; x_wconf 87' lang='lat' dir='ltr'><strong>coniuncta,</strong></span> <span class='ocrx_word' id='word_1_68' title='bbox 919 1347 1114 1430; x_wconf 82' lang='lat' dir='ltr'><strong>adiungam’.</strong></span> <span class='ocrx_word' id='word_1_69' title='bbox 1171 1347 1345 1432; x_wconf 89' lang='lat' dir='ltr'><strong>Perperam</strong></span> 
     </span>
     <span class='ocr_line' id='line_1_10' title="bbox 283 1451 1345 1539; baseline 0.005 -24"><span class='ocrx_word' id='word_1_70' title='bbox 283 1451 461 1516; x_wconf 88' lang='lat' dir='ltr'><strong>Muellerus</strong></span> <span class='ocrx_word' id='word_1_71' title='bbox 475 1452 598 1536; x_wconf 71' lang='lat' dir='ltr'><strong>‘utque&#39;</strong></span> <span class='ocrx_word' id='word_1_72' title='bbox 611 1457 801 1538; x_wconf 85' lang='lat' dir='ltr'><strong>particulam</strong></span> <span class='ocrx_word' id='word_1_73' title='bbox 814 1461 918 1520; x_wconf 88' lang='lat' dir='ltr'><strong>mutat</strong></span> <span class='ocrx_word' id='word_1_74' title='bbox 930 1458 966 1519; x_wconf 91' lang='lat' dir='ltr'><strong>in</strong></span> <span class='ocrx_word' id='word_1_75' title='bbox 979 1456 1026 1520; x_wconf 70' lang='lat' dir='ltr'><strong>‘ut</strong></span> <span class='ocrx_word' id='word_1_76' title='bbox 1039 1457 1147 1539; x_wconf 63' lang='lat' dir='ltr'><strong>quae?</strong></span> <span class='ocrx_word' id='word_1_77' title='bbox 1160 1458 1244 1520; x_wconf 91' lang='lat' dir='ltr'><strong>male</strong></span> <span class='ocrx_word' id='word_1_78' title='bbox 1257 1459 1345 1521; x_wconf 91' lang='lat' dir='ltr'><strong>enim</strong></span> 
     </span>
     <span class='ocr_line' id='line_1_11' title="bbox 282 1563 1344 1648; baseline 0.006 -24"><span class='ocrx_word' id='word_1_79' title='bbox 282 1563 400 1625; x_wconf 89' lang='lat' dir='ltr'><strong>iterum</strong></span> <span class='ocrx_word' id='word_1_80' title='bbox 418 1567 586 1645; x_wconf 90' lang='lat' dir='ltr'><strong>ponuntur</strong></span> <span class='ocrx_word' id='word_1_81' title='bbox 602 1563 698 1627; x_wconf 89' lang='lat' dir='ltr'><strong>verba</strong></span> <span class='ocrx_word' id='word_1_82' title='bbox 716 1565 810 1648; x_wconf 71' lang='lat' dir='ltr'><strong>‘quoe</strong></span> <span class='ocrx_word' id='word_1_83' title='bbox 826 1585 901 1629; x_wconf 91' lang='lat' dir='ltr'><strong>oum</strong></span> <span class='ocrx_word' id='word_1_84' title='bbox 921 1567 972 1630; x_wconf 92' lang='lat' dir='ltr'><strong>his</strong></span> <span class='ocrx_word' id='word_1_85' title='bbox 990 1565 1181 1630; x_wconf 66' lang='lat' dir='ltr'><strong>coniuncta!</strong></span> <span class='ocrx_word' id='word_1_86' title='bbox 1218 1565 1344 1630; x_wconf 89' lang='lat' dir='ltr'><strong>Deinde</strong></span> 
     </span>
     <span class='ocr_line' id='line_1_12' title="bbox 284 1671 1345 1759; baseline 0.005 -25"><span class='ocrx_word' id='word_1_87' title='bbox 284 1671 455 1736; x_wconf 87' lang='lat' dir='ltr'><strong>libidinose</strong></span> <span class='ocrx_word' id='word_1_88' title='bbox 470 1691 528 1756; x_wconf 91' lang='lat' dir='ltr'><strong>pro</strong></span> <span class='ocrx_word' id='word_1_89' title='bbox 539 1672 609 1737; x_wconf 71' lang='lat' dir='ltr'><strong>‘dis’</strong></span> <span class='ocrx_word' id='word_1_90' title='bbox 623 1675 659 1737; x_wconf 89' lang='lat' dir='ltr'><strong>in</strong></span> <span class='ocrx_word' id='word_1_91' title='bbox 671 1681 826 1739; x_wconf 83' lang='lat' dir='ltr'><strong>contextu</strong></span> <span class='ocrx_word' id='word_1_92' title='bbox 837 1676 928 1758; x_wconf 88' lang='lat' dir='ltr'><strong>ponit</strong></span> <span class='ocrx_word' id='word_1_93' title='bbox 939 1674 1006 1739; x_wconf 75' lang='lat' dir='ltr'><strong>‘sed</strong></span> <span class='ocrx_word' id='word_1_94' title='bbox 1015 1675 1079 1755; x_wconf 86' lang='lat' dir='ltr'><strong>ita’‚</strong></span> <span class='ocrx_word' id='word_1_95' title='bbox 1094 1677 1129 1739; x_wconf 93' lang='lat' dir='ltr'><strong>in</strong></span> <span class='ocrx_word' id='word_1_96' title='bbox 1144 1695 1208 1758; x_wconf 92' lang='lat' dir='ltr'><strong>quo</strong></span> <span class='ocrx_word' id='word_1_97' title='bbox 1222 1679 1345 1759; x_wconf 88' lang='lat' dir='ltr'><strong>praete-</strong></span> 
     </span>
     <span class='ocr_line' id='line_1_13' title="bbox 284 1781 1345 1869; baseline 0.005 -26"><span class='ocrx_word' id='word_1_98' title='bbox 284 1801 338 1846; x_wconf 89' lang='lat' dir='ltr'><strong>rea</strong></span> <span class='ocrx_word' id='word_1_99' title='bbox 347 1781 424 1845; x_wconf 72' lang='lat' dir='ltr'><strong>‘sed’</strong></span> <span class='ocrx_word' id='word_1_100' title='bbox 434 1783 591 1865; x_wconf 88' lang='lat' dir='ltr'><strong>particula</strong></span> <span class='ocrx_word' id='word_1_101' title='bbox 605 1783 754 1848; x_wconf 89' lang='lat' dir='ltr'><strong>durescit.</strong></span> <span class='ocrx_word' id='word_1_102' title='bbox 777 1783 926 1868; x_wconf 91' lang='lat' dir='ltr'><strong>Denique</strong></span> <span class='ocrx_word' id='word_1_103' title='bbox 940 1785 1138 1869; x_wconf 87' lang='lat' dir='ltr'><strong>adiungendi</strong></span> <span class='ocrx_word' id='word_1_104' title='bbox 1150 1784 1345 1849; x_wconf 87' lang='lat' dir='ltr'><strong>vocabulum</strong></span> 
     </span>
     <span class='ocr_line' id='line_1_14' title="bbox 283 1886 1346 1977; baseline 0.003 -23"><span class='ocrx_word' id='word_1_105' title='bbox 283 1911 360 1973; x_wconf 84' lang='lat' dir='ltr'><strong>non,</strong></span> <span class='ocrx_word' id='word_1_106' title='bbox 370 1891 458 1974; x_wconf 91' lang='lat' dir='ltr'><strong>quod</strong></span> <span class='ocrx_word' id='word_1_107' title='bbox 468 1890 645 1956; x_wconf 89' lang='lat' dir='ltr'><strong>Muellerus</strong></span> <span class='ocrx_word' id='word_1_108' title='bbox 660 1893 743 1957; x_wconf 85' lang='lat' dir='ltr'><strong>velle</strong></span> <span class='ocrx_word' id='word_1_109' title='bbox 752 1894 889 1976; x_wconf 80' lang='lat' dir='ltr'><strong>videtur,</strong></span> <span class='ocrx_word' id='word_1_110' title='bbox 899 1886 1346 1977; x_wconf 82' lang='lat' dir='ltr'><strong>siguificat‘obitertractare’‚</strong></span> 
     </span>
     <span class='ocr_line' id='line_1_15' title="bbox 286 2001 1347 2086; baseline 0.001 -21"><span class='ocrx_word' id='word_1_111' title='bbox 286 2002 341 2066; x_wconf 92' lang='lat' dir='ltr'><strong>sed</strong></span> <span class='ocrx_word' id='word_1_112' title='bbox 364 2001 430 2065; x_wconf 89' lang='lat' dir='ltr'><strong>fere</strong></span> <span class='ocrx_word' id='word_1_113' title='bbox 453 2002 540 2066; x_wconf 93' lang='lat' dir='ltr'><strong>idem</strong></span> <span class='ocrx_word' id='word_1_114' title='bbox 563 2007 612 2066; x_wconf 90' lang='lat' dir='ltr'><strong>est</strong></span> <span class='ocrx_word' id='word_1_115' title='bbox 635 2021 673 2065; x_wconf 91' lang='lat' dir='ltr'><strong>ac</strong></span> <span class='ocrx_word' id='word_1_116' title='bbox 697 2003 816 2082; x_wconf 90' lang='lat' dir='ltr'><strong>dioere;</strong></span> <span class='ocrx_word' id='word_1_117' title='bbox 840 2003 874 2066; x_wconf 92' lang='lat' dir='ltr'><strong>id</strong></span> <span class='ocrx_word' id='word_1_118' title='bbox 898 2004 987 2086; x_wconf 90' lang='lat' dir='ltr'><strong>quod</strong></span> <span class='ocrx_word' id='word_1_119' title='bbox 1010 2008 1076 2068; x_wconf 88' lang='lat' dir='ltr'><strong>toto</strong></span> <span class='ocrx_word' id='word_1_120' title='bbox 1099 2005 1160 2068; x_wconf 89' lang='lat' dir='ltr'><strong>hoo</strong></span> <span class='ocrx_word' id='word_1_121' title='bbox 1178 2003 1261 2068; x_wconf 90' lang='lat' dir='ltr'><strong>libro</strong></span> <span class='ocrx_word' id='word_1_122' title='bbox 1277 2023 1347 2086; x_wconf 92' lang='lat' dir='ltr'><strong>sep-</strong></span> 
     </span>
     <span class='ocr_line' id='line_1_16' title="bbox 285 2111 1348 2197; baseline 0.002 -23"><span class='ocrx_word' id='word_1_123' title='bbox 285 2113 363 2175; x_wconf 88' lang='lat' dir='ltr'><strong>timo</strong></span> <span class='ocrx_word' id='word_1_124' title='bbox 387 2111 634 2191; x_wconf 82' lang='lat' dir='ltr'><strong>demonstratur,</strong></span> <span class='ocrx_word' id='word_1_125' title='bbox 657 2113 692 2175; x_wconf 94' lang='lat' dir='ltr'><strong>in</strong></span> <span class='ocrx_word' id='word_1_126' title='bbox 716 2133 780 2196; x_wconf 92' lang='lat' dir='ltr'><strong>quo</strong></span> <span class='ocrx_word' id='word_1_127' title='bbox 804 2111 903 2178; x_wconf 88' lang='lat' dir='ltr'><strong>verba</strong></span> <span class='ocrx_word' id='word_1_128' title='bbox 920 2132 1003 2195; x_wconf 90' lang='lat' dir='ltr'><strong>quae</strong></span> <span class='ocrx_word' id='word_1_129' title='bbox 1027 2114 1098 2197; x_wconf 87' lang='lat' dir='ltr'><strong>ipsa</strong></span> <span class='ocrx_word' id='word_1_130' title='bbox 1117 2121 1262 2196; x_wconf 90' lang='lat' dir='ltr'><strong>tempora</strong></span> <span class='ocrx_word' id='word_1_131' title='bbox 1283 2113 1348 2195; x_wconf 84' lang='lat' dir='ltr'><strong>sig·</strong></span> 
     </span>
     <span class='ocr_line' id='line_1_17' title="bbox 285 2221 1347 2305; baseline 0.001 -22"><span class='ocrx_word' id='word_1_132' title='bbox 285 2221 428 2303; x_wconf 80' lang='lat' dir='ltr'><strong>uideant,</strong></span> <span class='ocrx_word' id='word_1_133' title='bbox 457 2240 523 2284; x_wconf 91' lang='lat' dir='ltr'><strong>non</strong></span> <span class='ocrx_word' id='word_1_134' title='bbox 551 2223 712 2304; x_wconf 80' lang='lat' dir='ltr'><strong>copiosius</strong></span> <span class='ocrx_word' id='word_1_135' title='bbox 740 2222 944 2305; x_wconf 86' lang='lat' dir='ltr'><strong>explicantur</strong></span> <span class='ocrx_word' id='word_1_136' title='bbox 972 2242 1069 2305; x_wconf 91' lang='lat' dir='ltr'><strong>quam</strong></span> <span class='ocrx_word' id='word_1_137' title='bbox 1101 2241 1246 2305; x_wconf 89' lang='lat' dir='ltr'><strong>eaquae</strong></span> <span class='ocrx_word' id='word_1_138' title='bbox 1273 2241 1347 2284; x_wconf 90' lang='lat' dir='ltr'><strong>cum</strong></span> 
     </span>
     <span class='ocr_line' id='line_1_18' title="bbox 285 2331 653 2395; baseline 0.005 -3"><span class='ocrx_word' id='word_1_139' title='bbox 285 2331 350 2394; x_wconf 87' lang='lat' dir='ltr'><strong>illis</strong></span> <span class='ocrx_word' id='word_1_140' title='bbox 374 2331 546 2395; x_wconf 83' lang='lat' dir='ltr'><strong>coniuncta</strong></span> <span class='ocrx_word' id='word_1_141' title='bbox 569 2336 653 2394; x_wconf 92' lang='lat' dir='ltr'><strong>sunt.</strong></span> 
     </span>
    </p>
   </div>
   <div class='ocr_carea' id='block_1_3' title="bbox 393 2433 1443 2522">
    <p class='ocr_par' dir='ltr' id='par_1_4' title="bbox 393 2433 1443 2522">
     <span class='ocr_line' id='line_1_19' title="bbox 393 2433 1443 2522; baseline -0.002 -18"><span class='ocrx_word' id='word_1_142' title='bbox 393 2438 583 2522; x_wconf 79' lang='lat' dir='ltr'><strong>Spengelius</strong></span> <span class='ocrx_word' id='word_1_143' title='bbox 617 2441 825 2505; x_wconf 88' lang='lat' dir='ltr'><strong>scribendum</strong></span> <span class='ocrx_word' id='word_1_144' title='bbox 859 2459 928 2505; x_wconf 89' lang='lat' dir='ltr'><strong>esse</strong></span> <span class='ocrx_word' id='word_1_145' title='bbox 960 2443 1109 2506; x_wconf 88' lang='lat' dir='ltr'><strong>coniecit:</strong></span> <span class='ocrx_word' id='word_1_146' title='bbox 1142 2433 1227 2504; x_wconf 84' lang='lat' dir='ltr'><strong>‘tum</strong></span> <span class='ocrx_word' id='word_1_147' title='bbox 1266 2459 1349 2522; x_wconf 87' lang='lat' dir='ltr'><strong>quae</strong></span> <span class='ocrx_word' id='word_1_148' title='bbox 1442 2477 1443 2488; x_wconf 30' lang='grc' dir='ltr'><strong>κ</strong></span> 
     </span>
    </p>
   </div>
   <div class='ocr_carea' id='block_1_4' title="bbox 286 2547 1350 3618">
    <p class='ocr_par' dir='ltr' id='par_1_5' title="bbox 286 2547 1350 3618">
     <span class='ocr_line' id='line_1_20' title="bbox 288 2547 1349 2634; baseline -0.002 -22"><span class='ocrx_word' id='word_1_149' title='bbox 288 2569 362 2612; x_wconf 90' lang='lat' dir='ltr'><strong>cum</strong></span> <span class='ocrx_word' id='word_1_150' title='bbox 386 2547 582 2633; x_wconf 86' lang='lat' dir='ltr'><strong>temporibus</strong></span> <span class='ocrx_word' id='word_1_151' title='bbox 605 2555 683 2613; x_wconf 92' lang='lat' dir='ltr'><strong>sunt</strong></span> <span class='ocrx_word' id='word_1_152' title='bbox 705 2552 887 2634; x_wconf 86' lang='lat' dir='ltr'><strong>coniuncta,</strong></span> <span class='ocrx_word' id='word_1_153' title='bbox 922 2550 1026 2614; x_wconf 90' lang='lat' dir='ltr'><strong>dicam</strong></span> <span class='ocrx_word' id='word_1_154' title='bbox 1061 2555 1161 2634; x_wconf 92' lang='lat' dir='ltr'><strong>utque</strong></span> <span class='ocrx_word' id='word_1_155' title='bbox 1192 2568 1268 2612; x_wconf 89' lang='lat' dir='ltr'><strong>oum</strong></span> <span class='ocrx_word' id='word_1_156' title='bbox 1298 2548 1349 2610; x_wconf 90' lang='lat' dir='ltr'><strong>his</strong></span> 
     </span>
     <span class='ocr_line' id='line_1_21' title="bbox 287 2651 1350 2744; baseline -0.003 -21"><span class='ocrx_word' id='word_1_157' title='bbox 287 2660 353 2723; x_wconf 89' lang='lat' dir='ltr'><strong>sint</strong></span> <span class='ocrx_word' id='word_1_158' title='bbox 375 2660 547 2723; x_wconf 86' lang='lat' dir='ltr'><strong>coniuncta</strong></span> <span class='ocrx_word' id='word_1_159' title='bbox 569 2659 764 2744; x_wconf 76' lang='lat' dir='ltr'><strong>adiungam’.</strong></span> <span class='ocrx_word' id='word_1_160' title='bbox 810 2658 881 2734; x_wconf 82' lang='lat' dir='ltr'><strong>Qua</strong></span> <span class='ocrx_word' id='word_1_161' title='bbox 911 2663 947 2724; x_wconf 91' lang='lat' dir='ltr'><strong>in</strong></span> <span class='ocrx_word' id='word_1_162' title='bbox 978 2661 1115 2724; x_wconf 89' lang='lat' dir='ltr'><strong>lectione</strong></span> <span class='ocrx_word' id='word_1_163' title='bbox 1134 2651 1261 2742; x_wconf 87' lang='lat' dir='ltr'><strong>‘utque’</strong></span> <span class='ocrx_word' id='word_1_164' title='bbox 1294 2657 1350 2720; x_wconf 85' lang='lat' dir='ltr'><strong>ad-</strong></span> 
     </span>
     <span class='ocr_line' id='line_1_22' title="bbox 287 2761 1350 2854; baseline -0.003 -22"><span class='ocrx_word' id='word_1_165' title='bbox 287 2769 426 2832; x_wconf 88' lang='lat' dir='ltr'><strong>hibitum</strong></span> <span class='ocrx_word' id='word_1_166' title='bbox 458 2776 506 2833; x_wconf 89' lang='lat' dir='ltr'><strong>est</strong></span> <span class='ocrx_word' id='word_1_167' title='bbox 537 2790 594 2852; x_wconf 89' lang='lat' dir='ltr'><strong>pro</strong></span> <span class='ocrx_word' id='word_1_168' title='bbox 624 2761 669 2834; x_wconf 81' lang='lat' dir='ltr'><strong>‘et</strong></span> <span class='ocrx_word' id='word_1_169' title='bbox 691 2768 748 2833; x_wconf 87' lang='lat' dir='ltr'><strong>ut’.</strong></span> <span class='ocrx_word' id='word_1_170' title='bbox 793 2771 839 2833; x_wconf 89' lang='lat' dir='ltr'><strong>At</strong></span> <span class='ocrx_word' id='word_1_171' title='bbox 866 2789 932 2833; x_wconf 91' lang='lat' dir='ltr'><strong>uon</strong></span> <span class='ocrx_word' id='word_1_172' title='bbox 964 2789 1125 2854; x_wconf 88' lang='lat' dir='ltr'><strong>exponere</strong></span> <span class='ocrx_word' id='word_1_173' title='bbox 1152 2769 1223 2832; x_wconf 90' lang='lat' dir='ltr'><strong>vult</strong></span> <span class='ocrx_word' id='word_1_174' title='bbox 1244 2767 1350 2830; x_wconf 89' lang='lat' dir='ltr'><strong>Varro</strong></span> 
     </span>
     <span class='ocr_line' id='line_1_23' title="bbox 286 2877 1347 2963; baseline -0.003 -21"><span class='ocrx_word' id='word_1_175' title='bbox 286 2879 428 2962; x_wconf 90' lang='lat' dir='ltr'><strong>primum</strong></span> <span class='ocrx_word' id='word_1_176' title='bbox 452 2897 490 2942; x_wconf 86' lang='lat' dir='ltr'><strong>ea</strong></span> <span class='ocrx_word' id='word_1_177' title='bbox 513 2898 597 2961; x_wconf 90' lang='lat' dir='ltr'><strong>quae</strong></span> <span class='ocrx_word' id='word_1_178' title='bbox 620 2898 696 2942; x_wconf 90' lang='lat' dir='ltr'><strong>cum</strong></span> <span class='ocrx_word' id='word_1_179' title='bbox 718 2879 916 2963; x_wconf 87' lang='lat' dir='ltr'><strong>temporibus</strong></span> <span class='ocrx_word' id='word_1_180' title='bbox 939 2884 1018 2944; x_wconf 89' lang='lat' dir='ltr'><strong>sunt</strong></span> <span class='ocrx_word' id='word_1_181' title='bbox 1033 2881 1215 2959; x_wconf 86' lang='lat' dir='ltr'><strong>coniuncta,</strong></span> <span class='ocrx_word' id='word_1_182' title='bbox 1231 2877 1347 2940; x_wconf 89' lang='lat' dir='ltr'><strong>deinde</strong></span> 
     </span>
     <span class='ocr_line' id='line_1_24' title="bbox 289 2981 1347 3073; baseline -0.002 -21"><span class='ocrx_word' id='word_1_183' title='bbox 289 2987 477 3071; x_wconf 91' lang='lat' dir='ltr'><strong>quomodo</strong></span> <span class='ocrx_word' id='word_1_184' title='bbox 509 3025 551 3034; x_wconf 96' lang='lat'>—</span> <span class='ocrx_word' id='word_1_185' title='bbox 584 3007 681 3071; x_wconf 89' lang='lat' dir='ltr'><strong>quem</strong></span> <span class='ocrx_word' id='word_1_186' title='bbox 709 3009 841 3054; x_wconf 89' lang='lat' dir='ltr'><strong>sensum</strong></span> <span class='ocrx_word' id='word_1_187' title='bbox 868 2981 928 3053; x_wconf 84' lang='lat' dir='ltr'><strong>‘ut’</strong></span> <span class='ocrx_word' id='word_1_188' title='bbox 958 2989 1134 3073; x_wconf 84' lang='lat' dir='ltr'><strong>particulae</strong></span> <span class='ocrx_word' id='word_1_189' title='bbox 1157 2988 1347 3073; x_wconf 85' lang='lat' dir='ltr'><strong>Spengelius</strong></span> 
     </span>
     <span class='ocr_line' id='line_1_25' title="bbox 288 3097 1348 3182; baseline -0.003 -21"><span class='ocrx_word' id='word_1_190' title='bbox 288 3098 467 3161; x_wconf 90' lang='lat' dir='ltr'><strong>tribuit-</strong></span> <span class='ocrx_word' id='word_1_191' title='bbox 491 3097 639 3182; x_wconf 79' lang='lat' dir='ltr'><strong>cumbis</strong></span> <span class='ocrx_word' id='word_1_192' title='bbox 663 3099 864 3181; x_wconf 81' lang='lat' dir='ltr'><strong>cohaereant,</strong></span> <span class='ocrx_word' id='word_1_193' title='bbox 887 3100 942 3164; x_wconf 92' lang='lat' dir='ltr'><strong>sed</strong></span> <span class='ocrx_word' id='word_1_194' title='bbox 966 3103 1092 3162; x_wconf 86' lang='lat' dir='ltr'><strong>tantum</strong></span> <span class='ocrx_word' id='word_1_195' title='bbox 1116 3098 1222 3162; x_wconf 84' lang='lat' dir='ltr'><strong>dicere</strong></span> <span class='ocrx_word' id='word_1_196' title='bbox 1245 3097 1284 3160; x_wconf 93' lang='lat' dir='ltr'><strong>de</strong></span> <span class='ocrx_word' id='word_1_197' title='bbox 1306 3098 1348 3159; x_wconf 86' lang='lat' dir='ltr'><strong>iis</strong></span> 
     </span>
     <span class='ocr_line' id='line_1_26' title="bbox 289 3204 1349 3292; baseline -0.003 -21"><span class='ocrx_word' id='word_1_198' title='bbox 289 3226 373 3290; x_wconf 88' lang='lat' dir='ltr'><strong>quae</strong></span> <span class='ocrx_word' id='word_1_199' title='bbox 405 3207 446 3270; x_wconf 93' lang='lat' dir='ltr'><strong>ad</strong></span> <span class='ocrx_word' id='word_1_200' title='bbox 477 3211 619 3290; x_wconf 88' lang='lat' dir='ltr'><strong>tempora</strong></span> <span class='ocrx_word' id='word_1_201' title='bbox 648 3209 810 3290; x_wconf 87' lang='lat' dir='ltr'><strong>pertinent</strong></span> <span class='ocrx_word' id='word_1_202' title='bbox 842 3204 1166 3292; x_wconf 83' lang='lat' dir='ltr'><strong>quomodocunquel)</strong></span> <span class='ocrx_word' id='word_1_203' title='bbox 1199 3205 1349 3270; x_wconf 84' lang='lat' dir='ltr'><strong>cumbis</strong></span> 
     </span>
     <span class='ocr_line' id='line_1_27' title="bbox 289 3314 1349 3402; baseline -0.005 -21"><span class='ocrx_word' id='word_1_204' title='bbox 289 3323 365 3381; x_wconf 88' lang='lat' dir='ltr'><strong>suut</strong></span> <span class='ocrx_word' id='word_1_205' title='bbox 398 3315 577 3382; x_wconf 86' lang='lat' dir='ltr'><strong>coniuncta.</strong></span> <span class='ocrx_word' id='word_1_206' title='bbox 632 3315 687 3392; x_wconf 86' lang='lat' dir='ltr'><strong>Iu¹</strong></span> <span class='ocrx_word' id='word_1_207' title='bbox 707 3317 819 3381; x_wconf 88' lang='lat' dir='ltr'><strong>eadem</strong></span> <span class='ocrx_word' id='word_1_208' title='bbox 842 3317 1004 3402; x_wconf 86' lang='lat' dir='ltr'><strong>Spengelii</strong></span> <span class='ocrx_word' id='word_1_209' title='bbox 1038 3318 1233 3380; x_wconf 87' lang='lat' dir='ltr'><strong>correctione</strong></span> <span class='ocrx_word' id='word_1_210' title='bbox 1262 3314 1349 3397; x_wconf 92' lang='lat' dir='ltr'><strong>quod</strong></span> 
     </span>
     <span class='ocr_line' id='line_1_28' title="bbox 289 3416 1350 3510; baseline 0 -23"><span class='ocrx_word' id='word_1_211' title='bbox 289 3431 338 3488; x_wconf 89' lang='lat' dir='ltr'><strong>est</strong></span> <span class='ocrx_word' id='word_1_212' title='bbox 357 3416 487 3488; x_wconf 82' lang='lat' dir='ltr'><strong>‘dicam’</strong></span> <span class='ocrx_word' id='word_1_213' title='bbox 511 3425 717 3491; x_wconf 87' lang='lat' dir='ltr'><strong>vehementer</strong></span> <span class='ocrx_word' id='word_1_214' title='bbox 738 3427 917 3510; x_wconf 84' lang='lat' dir='ltr'><strong>languescit</strong></span> <span class='ocrx_word' id='word_1_215' title='bbox 939 3429 1037 3508; x_wconf 88' lang='lat' dir='ltr'><strong>atque</strong></span> <span class='ocrx_word' id='word_1_216' title='bbox 1051 3425 1212 3488; x_wconf 86' lang='lat' dir='ltr'><strong>inutiliter</strong></span> <span class='ocrx_word' id='word_1_217' title='bbox 1227 3444 1244 3489; x_wconf 93' lang='lat' dir='ltr'><strong>e</strong></span> <span class='ocrx_word' id='word_1_218' title='bbox 1259 3443 1350 3508; x_wconf 93' lang='lat' dir='ltr'><strong>prae-</strong></span> 
     </span>
     <span class='ocr_line' id='line_1_29' title="bbox 290 3532 1350 3618; baseline -0.001 -22"><span class='ocrx_word' id='word_1_219' title='bbox 290 3533 480 3599; x_wconf 85' lang='lat' dir='ltr'><strong>cedentibus</strong></span> <span class='ocrx_word' id='word_1_220' title='bbox 514 3537 687 3618; x_wconf 89' lang='lat' dir='ltr'><strong>repetitum</strong></span> <span class='ocrx_word' id='word_1_221' title='bbox 721 3543 778 3600; x_wconf 91' lang='lat' dir='ltr'><strong>est.</strong></span> <span class='ocrx_word' id='word_1_222' title='bbox 836 3534 971 3599; x_wconf 87' lang='lat' dir='ltr'><strong>Dixerat</strong></span> <span class='ocrx_word' id='word_1_223' title='bbox 1005 3534 1091 3597; x_wconf 90' lang='lat' dir='ltr'><strong>enim</strong></span> <span class='ocrx_word' id='word_1_224' title='bbox 1114 3532 1218 3597; x_wconf 82' lang='lat' dir='ltr'><strong>Varro</strong></span> <span class='ocrx_word' id='word_1_225' title='bbox 1251 3532 1350 3617; x_wconf 88' lang='lat' dir='ltr'><strong>paulo</strong></span> 
     </span>
    </p>
   </div>
   <div class='ocr_carea' id='block_1_5' title="bbox 290 3757 1353 4280">
    <p class='ocr_par' dir='ltr' id='par_1_6' title="bbox 290 3757 1353 4280">
     <span class='ocr_line' id='line_1_30' title="bbox 397 3757 1350 3835; baseline -0.008 -14"><span class='ocrx_word' id='word_1_226' title='bbox 397 3763 424 3824; x_wconf 88' lang='lat' dir='ltr'><strong>ll</strong></span> <span class='ocrx_word' id='word_1_227' title='bbox 443 3764 568 3820; x_wconf 84' lang='lat' dir='ltr'><strong>Conteras</strong></span> <span class='ocrx_word' id='word_1_228' title='bbox 590 3763 663 3818; x_wconf 88' lang='lat' dir='ltr'><strong>locos</strong></span> <span class='ocrx_word' id='word_1_229' title='bbox 692 3763 738 3832; x_wconf 89' lang='lat' dir='ltr'><strong>qui</strong></span> <span class='ocrx_word' id='word_1_230' title='bbox 761 3765 825 3818; x_wconf 88' lang='lat' dir='ltr'><strong>sunt</strong></span> <span class='ocrx_word' id='word_1_231' title='bbox 842 3763 874 3828; x_wconf 84' lang='lat' dir='ltr'><strong>V,</strong></span> <span class='ocrx_word' id='word_1_232' title='bbox 897 3766 912 3832; x_wconf 67' lang='grc' dir='ltr'><strong>ξ</strong></span> <span class='ocrx_word' id='word_1_233' title='bbox 931 3767 973 3834; x_wconf 90' lang='grc'><strong>13,</strong></span> <span class='ocrx_word' id='word_1_234' title='bbox 992 3783 1018 3835; x_wconf 89' lang='lat' dir='ltr'><strong>p.</strong></span> <span class='ocrx_word' id='word_1_235' title='bbox 1037 3767 1080 3820; x_wconf 81' lang='grc'><strong>24.</strong></span> <span class='ocrx_word' id='word_1_236' title='bbox 1115 3757 1178 3818; x_wconf 83' lang='lat' dir='ltr'><strong>‘Sed</strong></span> <span class='ocrx_word' id='word_1_237' title='bbox 1196 3777 1260 3830; x_wconf 87' lang='lat' dir='ltr'><strong>qua</strong></span> <span class='ocrx_word' id='word_1_238' title='bbox 1279 3776 1350 3828; x_wconf 87' lang='lat' dir='ltr'><strong>cog-</strong></span> 
     </span>
     <span class='ocr_line' id='line_1_31' title="bbox 290 3854 1352 3926; baseline -0.004 -16"><span class='ocrx_word' id='word_1_239' title='bbox 290 3855 407 3910; x_wconf 86' lang='lat' dir='ltr'><strong>natio.</strong></span> <span class='ocrx_word' id='word_1_240' title='bbox 427 3855 517 3914; x_wconf 82' lang='lat' dir='ltr'><strong>‚orit</strong></span> <span class='ocrx_word' id='word_1_241' title='bbox 542 3855 628 3924; x_wconf 67' lang='lat' dir='ltr'><strong>uerbi,</strong></span> <span class='ocrx_word' id='word_1_242' title='bbox 657 3871 724 3924; x_wconf 85' lang='lat' dir='ltr'><strong>quae</strong></span> <span class='ocrx_word' id='word_1_243' title='bbox 742 3854 846 3910; x_wconf 86' lang='lat' dir='ltr'><strong>radices</strong></span> <span class='ocrx_word' id='word_1_244' title='bbox 875 3857 961 3926; x_wconf 85' lang='lat' dir='ltr'><strong>egerit</strong></span> <span class='ocrx_word' id='word_1_245' title='bbox 978 3859 1055 3912; x_wconf 81' lang='lat' dir='ltr'><strong>extra</strong></span> <span class='ocrx_word' id='word_1_246' title='bbox 1075 3856 1143 3910; x_wconf 89' lang='lat' dir='ltr'><strong>fines</strong></span> <span class='ocrx_word' id='word_1_247' title='bbox 1161 3869 1232 3922; x_wconf 81' lang='lat' dir='ltr'><strong>suus,</strong></span> <span class='ocrx_word' id='word_1_248' title='bbox 1260 3867 1352 3920; x_wconf 87' lang='lat' dir='ltr'><strong>perse·</strong></span> 
     </span>
     <span class='ocr_line' id='line_1_32' title="bbox 291 3941 1352 4017; baseline -0.003 -17"><span class='ocrx_word' id='word_1_249' title='bbox 291 3947 423 4016; x_wconf 82' lang='lat' dir='ltr'><strong>quemur&#39;3</strong></span> <span class='ocrx_word' id='word_1_250' title='bbox 442 3947 489 4016; x_wconf 85' lang='lat' dir='ltr'><strong>VI,</strong></span> <span class='ocrx_word' id='word_1_251' title='bbox 507 3950 522 4017; x_wconf 67' lang='grc' dir='ltr'><strong>ξ</strong></span> <span class='ocrx_word' id='word_1_252' title='bbox 542 3953 566 4017; x_wconf 91' lang='grc'><strong>1,</strong></span> <span class='ocrx_word' id='word_1_253' title='bbox 585 3965 610 4017; x_wconf 91' lang='lat' dir='ltr'><strong>p.</strong></span> <span class='ocrx_word' id='word_1_254' title='bbox 623 3947 673 4004; x_wconf 79' lang='lat'><strong>184</strong></span> <span class='ocrx_word' id='word_1_255' title='bbox 691 3941 789 4014; x_wconf 81' lang='lat' dir='ltr'><strong>‘Atque</strong></span> <span class='ocrx_word' id='word_1_256' title='bbox 807 3946 832 4004; x_wconf 82' lang='lat' dir='ltr'><strong>ai</strong></span> <span class='ocrx_word' id='word_1_257' title='bbox 850 3963 905 4015; x_wconf 78' lang='lat' dir='ltr'><strong>qua</strong></span> <span class='ocrx_word' id='word_1_258' title='bbox 922 3949 1001 4002; x_wconf 90' lang='lat' dir='ltr'><strong>eruut</strong></span> <span class='ocrx_word' id='word_1_259' title='bbox 1019 3964 1058 4002; x_wconf 82' lang='lat' dir='ltr'><strong>ex</strong></span> <span class='ocrx_word' id='word_1_260' title='bbox 1077 3947 1214 4001; x_wconf 83' lang='lat' dir='ltr'><strong>diverso</strong></span> <span class='ocrx_word' id='word_1_261' title='bbox 1232 3959 1352 4016; x_wconf 83' lang='lat' dir='ltr'><strong>genero</strong></span> 
     </span>
     <span class='ocr_line' id='line_1_33' title="bbox 292 4034 1353 4110; baseline -0.006 -16"><span class='ocrx_word' id='word_1_262' title='bbox 292 4040 429 4110; x_wconf 86' lang='lat' dir='ltr'><strong>adiuncta,</strong></span> <span class='ocrx_word' id='word_1_263' title='bbox 456 4041 546 4110; x_wconf 87' lang='lat' dir='ltr'><strong>potius</strong></span> <span class='ocrx_word' id='word_1_264' title='bbox 572 4038 726 4109; x_wconf 81' lang='lat' dir='ltr'><strong>cognationi</strong></span> <span class='ocrx_word' id='word_1_265' title='bbox 755 4039 900 4094; x_wconf 85' lang='lat' dir='ltr'><strong>verborum</strong></span> <span class='ocrx_word' id='word_1_266' title='bbox 929 4055 1010 4110; x_wconf 82' lang='lat' dir='ltr'><strong>quam</strong></span> <span class='ocrx_word' id='word_1_267' title='bbox 1039 4037 1156 4094; x_wconf 76' lang='lat' dir='ltr'><strong>auditori</strong></span> <span class='ocrx_word' id='word_1_268' title='bbox 1174 4034 1353 4091; x_wconf 83' lang='lat' dir='ltr'><strong>calumnianti</strong></span> 
     </span>
     <span class='ocr_line' id='line_1_34' title="bbox 293 4124 1352 4203; baseline -0.006 -17"><span class='ocrx_word' id='word_1_269' title='bbox 293 4148 417 4201; x_wconf 84' lang='lat' dir='ltr'><strong>geremus</strong></span> <span class='ocrx_word' id='word_1_270' title='bbox 435 4131 556 4192; x_wconf 90' lang='lat' dir='ltr'><strong>morem&#39;:</strong></span> <span class='ocrx_word' id='word_1_271' title='bbox 585 4131 632 4202; x_wconf 88' lang='lat' dir='ltr'><strong>qui</strong></span> <span class='ocrx_word' id='word_1_272' title='bbox 650 4130 702 4185; x_wconf 91' lang='lat' dir='ltr'><strong>loci</strong></span> <span class='ocrx_word' id='word_1_273' title='bbox 731 4131 893 4203; x_wconf 81' lang='lat' dir='ltr'><strong>particulam</strong></span> <span class='ocrx_word' id='word_1_274' title='bbox 919 4127 1019 4200; x_wconf 72' lang='lat' dir='ltr'><strong>‘utque&#39;</strong></span> <span class='ocrx_word' id='word_1_275' title='bbox 1043 4129 1061 4184; x_wconf 88' lang='lat' dir='ltr'><strong>i.</strong></span> <span class='ocrx_word' id='word_1_276' title='bbox 1080 4146 1105 4187; x_wconf 86' lang='lat' dir='ltr'><strong>e.</strong></span> <span class='ocrx_word' id='word_1_277' title='bbox 1122 4124 1285 4197; x_wconf 74' lang='lat' dir='ltr'><strong>‘utcumque‘</strong></span> <span class='ocrx_word' id='word_1_278' title='bbox 1303 4126 1352 4181; x_wconf 90' lang='lat' dir='ltr'><strong>ad-</strong></span> 
     </span>
     <span class='ocr_line' id='line_1_35' title="bbox 291 4223 615 4280; baseline 0 -2"><span class='ocrx_word' id='word_1_279' title='bbox 291 4225 401 4279; x_wconf 87' lang='lat' dir='ltr'><strong>modum</strong></span> <span class='ocrx_word' id='word_1_280' title='bbox 420 4223 615 4280; x_wconf 89' lang='lat' dir='ltr'><strong>commendant.</strong></span> 
     </span>
    </p>
   </div>
   <div class='ocr_carea' id='block_1_6' title="bbox 0 0 1467 4846">
    <p class='ocr_par' dir='ltr' id='par_1_7' title="bbox 0 0 1467 4846">
     <span class='ocr_line' id='line_1_36' title="bbox 0 0 1467 4846; baseline 0 0"><span class='ocrx_word' id='word_1_281' title='bbox 0 0 1467 4846; x_wconf 95' lang='lat' dir='ltr'><strong> </strong></span> 
     </span>
    </p>
   </div>
  </div>
 </body>
</html>
