2908 4846
489 709 774 811 TheseS.

213 888 247 974 1)
270 888 309 951 In
338 886 424 952 Festi
457 889 496 952 de
523 888 610 952 verb.
639 889 745 972 signif.
774 887 829 952 lib.
862 893 1007 970 quatern.
1036 887 1096 971 IX,
1120 908 1169 972 ap.
1269 891 1282 915 ⁹

105 997 298 1062 Muellerum
325 1019 354 1082 p.
388 998 461 1079 161,
493 999 535 1061 28
559 1017 664 1081 usque
697 999 737 1061 ad
769 995 913 1061 Keilium
945 997 1062 1061 tradita
1088 997 1170 1061 fere-

103 1107 224 1170 bantur
252 1105 535 1190 Marspedis...
569 1108 774 1191 inprecatioio
804 1107 896 1170 solita
924 1104 1062 1169 uallium
1091 1103 1170 1186 quid

105 1215 275 1300 significet,
298 1235 340 1279 ne
363 1214 504 1279 Messala
527 1216 656 1298 quidem
681 1195 834 1300 augur..
855 1216 995 1299 reperire
1019 1233 1053 1277 se
1076 1217 1171 1297 potu-

107 1327 172 1388 isse
196 1323 260 1387 ait?

211 1432 251 1495 In
277 1432 396 1514 quibus
419 1433 476 1495 illa
493 1439 667 1515 quaesunt
684 1433 897 1518 ‘inprecatioie
914 1433 1007 1497 solita
1022 1431 1169 1496 uallium’

106 1541 281 1605 Muellerus
309 1542 465 1604 mutanda
497 1543 632 1606 coniecit
660 1543 722 1606 sio:
756 1543 801 1605 ‘in
828 1543 1011 1627 precatione
1039 1541 1170 1606 solitau-

9 1647 10 1650 ’
104 1649 237 1713 rilium’.
284 1649 347 1714 Sed
363 1651 481 1714 tradita
495 1656 571 1715 sunt
587 1670 653 1714 non
671 1651 885 1733 ‘inprecatioie
907 1653 1001 1715 solita
1023 1648 1169 1713 uallium⁷

106 1760 163 1826 sed
203 1759 310 1823 ‘sesita
349 1761 486 1824 uallium
531 1760 628 1844 quod⁷
675 1760 744 1843 (ofr.
782 1759 864 1824 Keil.
901 1763 938 1823 in
975 1779 1049 1823 nov.
1087 1778 1170 1822 mus.

88 1868 195 1932 'rhen
218 1867 275 1930 VI.
299 1889 328 1952 p.
354 1869 438 1950 621),
470 1889 553 1954 quae
584 1889 642 1954 ego
671 1869 839 1933 scribenda
868 1888 937 1933 esse
966 1887 1080 1932 conseo
1105 1869 1168 1932 sio:

105 1978 357 2062 ‘inprecatione
381 1979 608 2061 auguralium'.

215 2085 250 2171 2)
273 2086 314 2149 In
338 2085 454 2150 Catulli
478 2108 572 2151 carm.
598 2086 649 2168 55,
675 2089 714 2150 11
739 2086 912 2170 legendum
929 2087 1078 2149 existimo
1095 2103 1171 2148 oum

106 2196 247 2258 Avantio
272 2195 407 2259 ‘nudum
432 2199 542 2261 sinum
564 2196 746 2278 reducens’,
773 2216 840 2260 non
868 2215 943 2258 enm
965 2193 1073 2258 Riesio
1098 2193 1171 2257 ‘nu-

105 2304 186 2366 dum
211 2304 319 2367 sinum
338 2305 530 2392 recludens’.

217 2411 249 2497 3)
274 2412 313 2476 In
337 2413 492 2479 Varronis
517 2416 556 2480 de
579 2417 598 2479 l.
626 2417 646 2479 l.
674 2415 727 2478 lib.
751 2415 808 2479 VI.
839 2437 868 2500 p.
899 2415 972 2492 215,
1002 2413 1058 2496 qui
1080 2412 1172 2475 loeus
1263 2485 1267 2491 Ι

107 2525 143 2585 in
167 2522 276 2586 codiee
299 2520 484 2587 Florentino
508 2526 555 2590 sio
577 2527 698 2608 legitur
718 2523 824 2599 ‘Quod
848 2523 889 2588 ad
911 2529 1092 2607 temporum
1115 2539 1172 2583 vo-

21 2609 26 2622 *
107 2630 225 2696 cabula
247 2630 362 2694 Latina
385 2634 508 2716 attinet,
533 2637 688 2699 haetenus
717 2638 759 2699 sit
791 2634 868 2697 satis
893 2632 1037 2714 diotum’,
1060 2650 1172 2696 vocam

105 2739 289 2804 ‘haetenus’
313 2742 428 2823 utique
452 2742 676 2825 expellendam
700 2761 770 2806 esse
794 2724 939 2805 arbitror.¹

215 2846 251 2929 4)
275 2847 314 2911 In
338 2848 503 2931 Sophoolis
526 2850 634 2934 Antig.
659 2871 690 2914 r.
717 2852 780 2914 110
805 2871 873 2933 sqq.
898 2849 959 2936 (ed.
984 2849 1107 2929 Herm.)

349 2947 385 3022 ὃν
407 2955 460 3044 ἐφ’
484 2950 625 3045 ἁμετέρᾳ
648 2960 690 3045 γᾷ
711 2955 928 3048 Πολυνείκης-

349 3057 466 3152 &pasis
489 3064 620 3132 νεικέων
642 3065 678 3149 ἐξ
699 3061 891 3156 ἀμφιλόγων

351 3166 425 3256 ὀξέα
447 3172 577 3256 κλάζων
599 3172 708 3255 αἰετὸς
731 3175 764 3255 ἐς
786 3179 846 3261 γᾶν

349 3275 393 3362 ὣς
415 3276 586 3372 ὑπερέπτα

101 3393 195 3475 quod
219 3397 267 3456 est
289 3391 425 3456 verbum
447 3388 618 3482 ὑπερέπτα
641 3396 889 3479 intelligendum
918 3401 965 3460 est
989 3415 1066 3458 curn
1088 3395 1172 3460 Hor-

106 3518 229 3562 manno
254 3499 411 3587 ‘desupen
428 3523 469 3567 ex
485 3504 549 3568 alto
567 3504 745 3568 devolabat’
780 3524 855 3586 non,
878 3511 916 3568 ut
930 3505 1062 3588 plurimi
1084 3525 1172 3569 nune

100 3608 224 3672 volunt
249 3607 504 3693 supervolabat.
