<?xml version="1.0" encoding="UTF-8"?>
<!DOCTYPE html PUBLIC "-//W3C//DTD XHTML 1.0 Transitional//EN"
    "http://www.w3.org/TR/xhtml1/DTD/xhtml1-transitional.dtd">
<html xmlns="http://www.w3.org/1999/xhtml" xml:lang="en" lang="en">
 <head>
  <title>
</title>
<meta http-equiv="Content-Type" content="text/html;charset=utf-8" />
  <meta name='ocr-system' content='tesseract 3.04.00' />
  <meta name='ocr-capabilities' content='ocr_page ocr_carea ocr_par ocr_line ocrx_word'/>
</head>
<body>
  <div class='ocr_page' id='page_1' title='image "./quaestionesvarr01reitgoog_0131.png"; bbox 0 0 2908 4846; ppageno 0'>
   <div class='ocr_carea' id='block_1_1' title="bbox 784 392 843 456">
    <p class='ocr_par' dir='ltr' id='par_1_1' title="bbox 784 392 843 456">
     <span class='ocr_line' id='line_1_1' title="bbox 784 392 843 456; baseline 0.068 -4"><span class='ocrx_word' id='word_1_1' title='bbox 784 392 843 456; x_wconf 75' lang='lat'>122</span> 
     </span>
    </p>
   </div>
   <div class='ocr_carea' id='block_1_2' title="bbox 188 576 1442 3394">
    <p class='ocr_par' dir='ltr' id='par_1_2' title="bbox 285 576 1350 1644">
     <span class='ocr_line' id='line_1_2' title="bbox 286 576 1346 660; baseline 0.003 -22"><span class='ocrx_word' id='word_1_2' title='bbox 286 576 423 639; x_wconf 87' lang='lat' dir='ltr'>iudicari</span> <span class='ocrx_word' id='word_1_3' title='bbox 447 576 526 640; x_wconf 86' lang='lat' dir='ltr'>solet</span> <span class='ocrx_word' id='word_1_4' title='bbox 550 582 586 639; x_wconf 88' lang='lat' dir='ltr'>ut</span> <span class='ocrx_word' id='word_1_5' title='bbox 608 577 657 640; x_wconf 90' lang='lat' dir='ltr'>fas</span> <span class='ocrx_word' id='word_1_6' title='bbox 682 585 738 653; x_wconf 87' lang='lat' dir='ltr'>est,</span> <span class='ocrx_word' id='word_1_7' title='bbox 771 579 929 660; x_wconf 85' lang='lat' dir='ltr'>imprimis</span> <span class='ocrx_word' id='word_1_8' title='bbox 961 597 977 640; x_wconf 91' lang='lat' dir='ltr'>e</span> <span class='ocrx_word' id='word_1_9' title='bbox 1009 577 1115 660; x_wconf 80' lang='lat' dir='ltr'>figura</span> <span class='ocrx_word' id='word_1_10' title='bbox 1143 599 1255 642; x_wconf 88' lang='lat' dir='ltr'>eorum</span> <span class='ocrx_word' id='word_1_11' title='bbox 1279 581 1299 642; x_wconf 92' lang='lat' dir='ltr'>i.</span> <span class='ocrx_word' id='word_1_12' title='bbox 1322 599 1346 643; x_wconf 88' lang='lat' dir='ltr'>e.</span> 
     </span>
     <span class='ocr_line' id='line_1_3' title="bbox 287 683 1347 772; baseline 0.002 -24"><span class='ocrx_word' id='word_1_13' title='bbox 287 683 443 768; x_wconf 84' lang='lat' dir='ltr'>evoee¹);</span> <span class='ocrx_word' id='word_1_14' title='bbox 479 690 586 749; x_wconf 81' lang='lat' dir='ltr'>lamen</span> <span class='ocrx_word' id='word_1_15' title='bbox 610 706 857 770; x_wconf 83' lang='lat' dir='ltr'>nonnunquam,</span> <span class='ocrx_word' id='word_1_16' title='bbox 889 688 1043 770; x_wconf 91' lang='lat' dir='ltr'>quoniam</span> <span class='ocrx_word' id='word_1_17' title='bbox 1067 686 1136 750; x_wconf 87' lang='lat' dir='ltr'>sola</span> <span class='ocrx_word' id='word_1_18' title='bbox 1158 687 1261 772; x_wconf 83' lang='lat' dir='ltr'>ligura</span> <span class='ocrx_word' id='word_1_19' title='bbox 1283 688 1347 752; x_wconf 87' lang='lat' dir='ltr'>falli</span> 
     </span>
     <span class='ocr_line' id='line_1_4' title="bbox 285 788 1347 879; baseline 0.003 -23"><span class='ocrx_word' id='word_1_20' title='bbox 285 813 488 876; x_wconf 61' lang='lat' dir='ltr'>possumus„</span> <span class='ocrx_word' id='word_1_21' title='bbox 509 796 585 878; x_wconf 90' lang='lat' dir='ltr'>quid</span> <span class='ocrx_word' id='word_1_22' title='bbox 621 795 802 879; x_wconf 84' lang='lat' dir='ltr'>significent</span> <span class='ocrx_word' id='word_1_23' title='bbox 836 796 934 859; x_wconf 88' lang='lat' dir='ltr'>verba</span> <span class='ocrx_word' id='word_1_24' title='bbox 969 801 1000 859; x_wconf 82' lang='lat' dir='ltr'>et</span> <span class='ocrx_word' id='word_1_25' title='bbox 1031 788 1162 878; x_wconf 78' lang='lat' dir='ltr'>‘genere</span> <span class='ocrx_word' id='word_1_26' title='bbox 1190 797 1347 872; x_wconf 79' lang='lat' dir='ltr'>similiare</span> 
     </span>
     <span class='ocr_line' id='line_1_5' title="bbox 287 903 1348 988; baseline 0.004 -23"><span class='ocrx_word' id='word_1_27' title='bbox 287 903 360 966; x_wconf 86' lang='lat' dir='ltr'>sint’</span> <span class='ocrx_word' id='word_1_28' title='bbox 395 922 507 987; x_wconf 87' lang='lat' dir='ltr'>regare</span> <span class='ocrx_word' id='word_1_29' title='bbox 543 911 674 987; x_wconf 84' lang='lat' dir='ltr'>opertet.</span> <span class='ocrx_word' id='word_1_30' title='bbox 732 905 836 970; x_wconf 81' lang='lat' dir='ltr'>Causa</span> <span class='ocrx_word' id='word_1_31' title='bbox 858 925 944 980; x_wconf 85' lang='lat' dir='ltr'>vero,</span> <span class='ocrx_word' id='word_1_32' title='bbox 977 925 1035 968; x_wconf 86' lang='lat' dir='ltr'>eur</span> <span class='ocrx_word' id='word_1_33' title='bbox 1065 906 1126 968; x_wconf 84' lang='lat' dir='ltr'>hoa</span> <span class='ocrx_word' id='word_1_34' title='bbox 1157 924 1348 988; x_wconf 86' lang='lat' dir='ltr'>quaeramus</span> 
     </span>
     <span class='ocr_line' id='line_1_6' title="bbox 287 1006 1349 1098; baseline 0.004 -25"><span class='ocrx_word' id='word_1_35' title='bbox 287 1016 437 1094; x_wconf 80' lang='lat' dir='ltr'>oporteat,</span> <span class='ocrx_word' id='word_1_36' title='bbox 460 1012 568 1076; x_wconf 86' lang='lat' dir='ltr'>verbis</span> <span class='ocrx_word' id='word_1_37' title='bbox 585 1013 764 1078; x_wconf 80' lang='lat' dir='ltr'>illustratur</span> <span class='ocrx_word' id='word_1_38' title='bbox 779 1033 860 1096; x_wconf 88' lang='lat' dir='ltr'>quae</span> <span class='ocrx_word' id='word_1_39' title='bbox 877 1019 967 1077; x_wconf 83' lang='lat' dir='ltr'>sunl:</span> <span class='ocrx_word' id='word_1_40' title='bbox 990 1006 1090 1097; x_wconf 82' lang='lat' dir='ltr'>‘quod</span> <span class='ocrx_word' id='word_1_41' title='bbox 1116 1034 1349 1098; x_wconf 89' lang='lat' dir='ltr'>nonnunquam</span> 
     </span>
     <span class='ocr_line' id='line_1_7' title="bbox 286 1121 1349 1207; baseline 0.006 -26"><span class='ocrx_word' id='word_1_42' title='bbox 286 1121 321 1181; x_wconf 91' lang='lat' dir='ltr'>in</span> <span class='ocrx_word' id='word_1_43' title='bbox 344 1140 379 1184; x_wconf 90' lang='lat' dir='ltr'>re</span> <span class='ocrx_word' id='word_1_44' title='bbox 403 1122 569 1186; x_wconf 89' lang='lat' dir='ltr'>dissimilis</span> <span class='ocrx_word' id='word_1_45' title='bbox 592 1121 715 1206; x_wconf 83' lang='lat' dir='ltr'>figurae</span> <span class='ocrx_word' id='word_1_46' title='bbox 737 1124 856 1187; x_wconf 81' lang='lat' dir='ltr'>forinas</span> <span class='ocrx_word' id='word_1_47' title='bbox 879 1123 1085 1186; x_wconf 81' lang='lat' dir='ltr'>indissimiles</span> <span class='ocrx_word' id='word_1_48' title='bbox 1100 1125 1272 1207; x_wconf 75' lang='lat' dir='ltr'>imponunt</span> <span class='ocrx_word' id='word_1_49' title='bbox 1288 1123 1349 1187; x_wconf 91' lang='lat' dir='ltr'>dis-</span> 
     </span>
     <span class='ocr_line' id='line_1_8' title="bbox 287 1224 1347 1316; baseline 0.007 -27"><span class='ocrx_word' id='word_1_50' title='bbox 287 1228 416 1310; x_wconf 91' lang='lat' dir='ltr'>pariles&#39;</span> <span class='ocrx_word' id='word_1_51' title='bbox 453 1250 536 1312; x_wconf 89' lang='lat' dir='ltr'>quae</span> <span class='ocrx_word' id='word_1_52' title='bbox 560 1252 618 1316; x_wconf 89' lang='lat' dir='ltr'>ego</span> <span class='ocrx_word' id='word_1_53' title='bbox 642 1235 839 1298; x_wconf 85' lang='lat' dir='ltr'>restituenda</span> <span class='ocrx_word' id='word_1_54' title='bbox 863 1252 934 1298; x_wconf 89' lang='lat' dir='ltr'>esse</span> <span class='ocrx_word' id='word_1_55' title='bbox 957 1251 1074 1296; x_wconf 82' lang='lat' dir='ltr'>censeo</span> <span class='ocrx_word' id='word_1_56' title='bbox 1099 1234 1158 1296; x_wconf 87' lang='lat' dir='ltr'>sie:</span> <span class='ocrx_word' id='word_1_57' title='bbox 1186 1224 1286 1315; x_wconf 82' lang='lat' dir='ltr'>‘quod</span> <span class='ocrx_word' id='word_1_58' title='bbox 1311 1280 1317 1293; x_wconf 91' lang='lat'>.</span> <span class='ocrx_word' id='word_1_59' title='bbox 1341 1283 1347 1296; x_wconf 90' lang='lat'><strong>.</strong></span> 
     </span>
     <span class='ocr_line' id='line_1_9' title="bbox 286 1337 1350 1426; baseline 0.007 -29"><span class='ocrx_word' id='word_1_60' title='bbox 286 1337 321 1398; x_wconf 92' lang='lat' dir='ltr'>in</span> <span class='ocrx_word' id='word_1_61' title='bbox 344 1338 442 1403; x_wconf 87' lang='lat' dir='ltr'>rebus</span> <span class='ocrx_word' id='word_1_62' title='bbox 461 1341 580 1411; x_wconf 81' lang='lat' dir='ltr'>slmllls</span> <span class='ocrx_word' id='word_1_63' title='bbox 598 1341 720 1426; x_wconf 78' lang='lat' dir='ltr'>figurae</span> <span class='ocrx_word' id='word_1_64' title='bbox 739 1343 857 1407; x_wconf 84' lang='lat' dir='ltr'>formas</span> <span class='ocrx_word' id='word_1_65' title='bbox 874 1341 1075 1424; x_wconf 75' lang='lat' dir='ltr'>dissimiles2)</span> <span class='ocrx_word' id='word_1_66' title='bbox 1092 1343 1272 1423; x_wconf 82' lang='lat' dir='ltr'>imponunt,</span> <span class='ocrx_word' id='word_1_67' title='bbox 1287 1341 1350 1404; x_wconf 92' lang='lat' dir='ltr'>dis-</span> 
     </span>
     <span class='ocr_line' id='line_1_10' title="bbox 287 1448 1350 1527; baseline 0.004 -19"><span class='ocrx_word' id='word_1_68' title='bbox 287 1448 403 1527; x_wconf 86' lang='lat' dir='ltr'>pariles</span> <span class='ocrx_word' id='word_1_69' title='bbox 438 1455 475 1512; x_wconf 82' lang='lat' dir='ltr'>ut</span> <span class='ocrx_word' id='word_1_70' title='bbox 508 1451 606 1514; x_wconf 82' lang='lat' dir='ltr'>calcei</span> <span class='ocrx_word' id='word_1_71' title='bbox 638 1451 812 1516; x_wconf 80' lang='lat' dir='ltr'>muliebres</span> <span class='ocrx_word' id='word_1_72' title='bbox 844 1453 910 1514; x_wconf 84' lang='lat' dir='ltr'>sint</span> <span class='ocrx_word' id='word_1_73' title='bbox 942 1471 984 1514; x_wconf 91' lang='lat' dir='ltr'>an</span> <span class='ocrx_word' id='word_1_74' title='bbox 1017 1451 1125 1514; x_wconf 86' lang='lat' dir='ltr'>viriles</span> <span class='ocrx_word' id='word_1_75' title='bbox 1149 1451 1286 1514; x_wconf 83' lang='lat' dir='ltr'>dicimus</span> <span class='ocrx_word' id='word_1_76' title='bbox 1311 1450 1350 1512; x_wconf 91' lang='lat' dir='ltr'>ad</span> 
     </span>
     <span class='ocr_line' id='line_1_11' title="bbox 289 1556 755 1644; baseline 0 -20"><span class='ocrx_word' id='word_1_77' title='bbox 289 1556 533 1627; x_wconf 83' lang='lat' dir='ltr'>similitudinem</span> <span class='ocrx_word' id='word_1_78' title='bbox 556 1560 680 1644; x_wconf 81' lang='lat' dir='ltr'>figurae</span> <span class='ocrx_word' id='word_1_79' title='bbox 704 1614 710 1625; x_wconf 93' lang='lat'>.</span> <span class='ocrx_word' id='word_1_80' title='bbox 737 1561 755 1623; x_wconf 76' lang='lat'>.’</span> 
     </span>
    </p>

    <p class='ocr_par' dir='ltr' id='par_1_3' title="bbox 285 1668 1354 2391">
     <span class='ocr_line' id='line_1_12' title="bbox 393 1668 1351 1754; baseline 0.003 -25"><span class='ocrx_word' id='word_1_81' title='bbox 393 1668 441 1730; x_wconf 86' lang='lat' dir='ltr'>Ac</span> <span class='ocrx_word' id='word_1_82' title='bbox 476 1670 615 1751; x_wconf 86' lang='lat' dir='ltr'>primum</span> <span class='ocrx_word' id='word_1_83' title='bbox 653 1671 784 1754; x_wconf 90' lang='lat' dir='ltr'>quidem</span> <span class='ocrx_word' id='word_1_84' title='bbox 819 1671 942 1734; x_wconf 77' lang='lat' dir='ltr'>calceos</span> <span class='ocrx_word' id='word_1_85' title='bbox 982 1672 1042 1734; x_wconf 86' lang='lat' dir='ltr'>hoe</span> <span class='ocrx_word' id='word_1_86' title='bbox 1076 1671 1145 1734; x_wconf 89' lang='lat' dir='ltr'>loco</span> <span class='ocrx_word' id='word_1_87' title='bbox 1182 1669 1351 1752; x_wconf 85' lang='lat' dir='ltr'>dispariles</span> 
     </span>
     <span class='ocr_line' id='line_1_13' title="bbox 287 1776 1352 1862; baseline 0.003 -25"><span class='ocrx_word' id='word_1_88' title='bbox 287 1776 439 1857; x_wconf 88' lang='lat' dir='ltr'>appellari</span> <span class='ocrx_word' id='word_1_89' title='bbox 463 1781 556 1860; x_wconf 90' lang='lat' dir='ltr'>quasi</span> <span class='ocrx_word' id='word_1_90' title='bbox 584 1799 716 1844; x_wconf 88' lang='lat' dir='ltr'>necesse</span> <span class='ocrx_word' id='word_1_91' title='bbox 751 1785 808 1861; x_wconf 82' lang='lat' dir='ltr'>est,</span> <span class='ocrx_word' id='word_1_92' title='bbox 834 1783 869 1842; x_wconf 82' lang='lat' dir='ltr'>ut</span> <span class='ocrx_word' id='word_1_93' title='bbox 900 1783 1004 1862; x_wconf 87' lang='lat' dir='ltr'>primo</span> <span class='ocrx_word' id='word_1_94' title='bbox 1028 1779 1143 1844; x_wconf 81' lang='lat' dir='ltr'>obtutu</span> <span class='ocrx_word' id='word_1_95' title='bbox 1171 1779 1352 1860; x_wconf 83' lang='lat' dir='ltr'>unicuique</span> 
     </span>
     <span class='ocr_line' id='line_1_14' title="bbox 287 1886 1352 1968; baseline 0.001 -21"><span class='ocrx_word' id='word_1_96' title='bbox 287 1886 366 1949; x_wconf 89' lang='lat' dir='ltr'>alter</span> <span class='ocrx_word' id='word_1_97' title='bbox 389 1887 544 1964; x_wconf 90' lang='lat' dir='ltr'>mulieris,</span> <span class='ocrx_word' id='word_1_98' title='bbox 570 1889 649 1952; x_wconf 88' lang='lat' dir='ltr'>alter</span> <span class='ocrx_word' id='word_1_99' title='bbox 672 1892 733 1952; x_wconf 90' lang='lat' dir='ltr'>viri</span> <span class='ocrx_word' id='word_1_100' title='bbox 758 1909 827 1954; x_wconf 90' lang='lat' dir='ltr'>esse</span> <span class='ocrx_word' id='word_1_101' title='bbox 851 1890 1013 1968; x_wconf 77' lang='lat' dir='ltr'>videatur3</span> <span class='ocrx_word' id='word_1_102' title='bbox 1045 1888 1240 1952; x_wconf 85' lang='lat' dir='ltr'>conferimus</span> <span class='ocrx_word' id='word_1_103' title='bbox 1264 1887 1352 1949; x_wconf 88' lang='lat' dir='ltr'>enim</span> 
     </span>
     <span class='ocr_line' id='line_1_15' title="bbox 290 1997 1352 2078; baseline 0.001 -22"><span class='ocrx_word' id='word_1_104' title='bbox 290 1999 465 2078; x_wconf 80' lang='lat' dir='ltr'>utrumque</span> <span class='ocrx_word' id='word_1_105' title='bbox 488 2003 520 2059; x_wconf 85' lang='lat' dir='ltr'>et</span> <span class='ocrx_word' id='word_1_106' title='bbox 542 2017 617 2060; x_wconf 86' lang='lat' dir='ltr'>eum</span> <span class='ocrx_word' id='word_1_107' title='bbox 641 1999 729 2061; x_wconf 87' lang='lat' dir='ltr'>virili</span> <span class='ocrx_word' id='word_1_108' title='bbox 752 2004 782 2062; x_wconf 88' lang='lat' dir='ltr'>et</span> <span class='ocrx_word' id='word_1_109' title='bbox 805 2019 881 2062; x_wconf 83' lang='lat' dir='ltr'>uum</span> <span class='ocrx_word' id='word_1_110' title='bbox 901 1998 1051 2062; x_wconf 88' lang='lat' dir='ltr'>muliebri</span> <span class='ocrx_word' id='word_1_111' title='bbox 1074 1998 1179 2060; x_wconf 85' lang='lat' dir='ltr'>ealeeo</span> <span class='ocrx_word' id='word_1_112' title='bbox 1203 2015 1240 2059; x_wconf 87' lang='lat' dir='ltr'>ae</span> <span class='ocrx_word' id='word_1_113' title='bbox 1263 1997 1352 2058; x_wconf 90' lang='lat' dir='ltr'>simi·</span> 
     </span>
     <span class='ocr_line' id='line_1_16' title="bbox 285 2105 1354 2190; baseline 0 -24"><span class='ocrx_word' id='word_1_114' title='bbox 285 2105 423 2169; x_wconf 84' lang='lat' dir='ltr'>litudine</span> <span class='ocrx_word' id='word_1_115' title='bbox 445 2106 568 2190; x_wconf 83' lang='lat' dir='ltr'>figurae</span> <span class='ocrx_word' id='word_1_116' title='bbox 591 2109 784 2172; x_wconf 80' lang='lat' dir='ltr'>adducimur</span> <span class='ocrx_word' id='word_1_117' title='bbox 807 2115 844 2173; x_wconf 81' lang='lat' dir='ltr'>ul</span> <span class='ocrx_word' id='word_1_118' title='bbox 879 2109 1031 2190; x_wconf 84' lang='lat' dir='ltr'>dieamus,</span> <span class='ocrx_word' id='word_1_119' title='bbox 1066 2109 1154 2171; x_wconf 80' lang='lat' dir='ltr'>hune</span> <span class='ocrx_word' id='word_1_120' title='bbox 1189 2124 1258 2170; x_wconf 86' lang='lat' dir='ltr'>esse</span> <span class='ocrx_word' id='word_1_121' title='bbox 1283 2105 1354 2184; x_wconf 71' lang='lat' dir='ltr'>viri,</span> 
     </span>
     <span class='ocr_line' id='line_1_17' title="bbox 285 2214 1354 2299; baseline 0 -23"><span class='ocrx_word' id='word_1_122' title='bbox 285 2214 378 2278; x_wconf 90' lang='lat' dir='ltr'>illum</span> <span class='ocrx_word' id='word_1_123' title='bbox 400 2218 554 2299; x_wconf 82' lang='lat' dir='ltr'>mulieris,</span> <span class='ocrx_word' id='word_1_124' title='bbox 577 2219 660 2281; x_wconf 79' lang='lat' dir='ltr'>‘eum</span> <span class='ocrx_word' id='word_1_125' title='bbox 684 2224 792 2282; x_wconf 86' lang='lat' dir='ltr'>tamen</span> <span class='ocrx_word' id='word_1_126' title='bbox 814 2220 953 2282; x_wconf 82' lang='lat' dir='ltr'>sciamus</span> <span class='ocrx_word' id='word_1_127' title='bbox 973 2236 1209 2299; x_wconf 89' lang='lat' dir='ltr'>nonuunquam</span> <span class='ocrx_word' id='word_1_128' title='bbox 1227 2219 1259 2279; x_wconf 85' lang='lat' dir='ltr'>et</span> <span class='ocrx_word' id='word_1_129' title='bbox 1281 2233 1354 2276; x_wconf 91' lang='lat' dir='ltr'>mu-</span> 
     </span>
     <span class='ocr_line' id='line_1_18' title="bbox 285 2322 1353 2391; baseline 0.001 -6"><span class='ocrx_word' id='word_1_130' title='bbox 285 2323 394 2387; x_wconf 88' lang='lat' dir='ltr'>lierem</span> <span class='ocrx_word' id='word_1_131' title='bbox 418 2325 536 2390; x_wconf 89' lang='lat' dir='ltr'>habere</span> <span class='ocrx_word' id='word_1_132' title='bbox 552 2327 674 2391; x_wconf 81' lang='lat' dir='ltr'>calceos</span> <span class='ocrx_word' id='word_1_133' title='bbox 694 2327 804 2391; x_wconf 81' lang='lat' dir='ltr'>viriles</span> <span class='ocrx_word' id='word_1_134' title='bbox 828 2333 859 2390; x_wconf 88' lang='lat' dir='ltr'>et</span> <span class='ocrx_word' id='word_1_135' title='bbox 881 2329 988 2391; x_wconf 90' lang='lat' dir='ltr'>virum</span> <span class='ocrx_word' id='word_1_136' title='bbox 1010 2324 1197 2390; x_wconf 85' lang='lat' dir='ltr'>muliebris&#39;</span> <span class='ocrx_word' id='word_1_137' title='bbox 1243 2322 1353 2386; x_wconf 88' lang='lat' dir='ltr'>Habe-</span> 
     </span>
    </p>

    <p class='ocr_par' dir='ltr' id='par_1_4' title="bbox 188 2435 1442 3394">
     <span class='ocr_line' id='line_1_19' title="bbox 188 2435 1352 2520; baseline -0.001 -25"><span class='ocrx_word' id='word_1_138' title='bbox 188 2467 193 2474; x_wconf 93' lang='lat'><em>·</em></span> <span class='ocrx_word' id='word_1_139' title='bbox 285 2453 358 2496; x_wconf 90' lang='lat' dir='ltr'>mus</span> <span class='ocrx_word' id='word_1_140' title='bbox 381 2435 490 2517; x_wconf 82' lang='lat' dir='ltr'>igitur,</span> <span class='ocrx_word' id='word_1_141' title='bbox 513 2438 684 2500; x_wconf 82' lang='lat' dir='ltr'>utiterum</span> <span class='ocrx_word' id='word_1_142' title='bbox 702 2437 815 2517; x_wconf 86' lang='lat' dir='ltr'>diuam,</span> <span class='ocrx_word' id='word_1_143' title='bbox 838 2457 855 2500; x_wconf 90' lang='lat' dir='ltr'>e</span> <span class='ocrx_word' id='word_1_144' title='bbox 879 2435 1085 2520; x_wconf 86' lang='lat' dir='ltr'>disparilibus</span> <span class='ocrx_word' id='word_1_145' title='bbox 1102 2435 1217 2498; x_wconf 81' lang='lat' dir='ltr'>calceis</span> <span class='ocrx_word' id='word_1_146' title='bbox 1236 2452 1352 2508; x_wconf 91' lang='lat' dir='ltr'>unum,</span> 
     </span>
     <span class='ocr_line' id='line_1_20' title="bbox 291 2541 1442 2644; baseline -0.002 -38"><span class='ocrx_word' id='word_1_147' title='bbox 291 2545 347 2624; x_wconf 93' lang='lat' dir='ltr'>qui</span> <span class='ocrx_word' id='word_1_148' title='bbox 371 2545 468 2607; x_wconf 90' lang='lat' dir='ltr'>simili</span> <span class='ocrx_word' id='word_1_149' title='bbox 492 2552 540 2608; x_wconf 87' lang='lat' dir='ltr'>est</span> <span class='ocrx_word' id='word_1_150' title='bbox 562 2545 666 2629; x_wconf 81' lang='lat' dir='ltr'>figura</span> <span class='ocrx_word' id='word_1_151' title='bbox 690 2565 726 2608; x_wconf 88' lang='lat' dir='ltr'>ae</span> <span class='ocrx_word' id='word_1_152' title='bbox 746 2546 923 2644; x_wconf 55' lang='lat' dir='ltr'>muliebria</span> <span class='ocrx_word' id='word_1_153' title='bbox 939 2547 1073 2610; x_wconf 83' lang='lat' dir='ltr'>alterum</span> <span class='ocrx_word' id='word_1_154' title='bbox 1098 2545 1151 2608; x_wconf 84' lang='lat' dir='ltr'>eui</span> <span class='ocrx_word' id='word_1_155' title='bbox 1174 2541 1352 2606; x_wconf 86' lang='lat' dir='ltr'>similitudo</span> <span class='ocrx_word' id='word_1_156' title='bbox 1441 2610 1442 2625; x_wconf 12' lang='grc' dir='ltr'>χ</span> 
     </span>
     <span class='ocr_line' id='line_1_21' title="bbox 291 2646 1353 2735; baseline 0 -21"><span class='ocrx_word' id='word_1_157' title='bbox 291 2672 389 2734; x_wconf 87' lang='lat' dir='ltr'>quam</span> <span class='ocrx_word' id='word_1_158' title='bbox 412 2655 555 2718; x_wconf 83' lang='lat' dir='ltr'>maxima</span> <span class='ocrx_word' id='word_1_159' title='bbox 577 2662 627 2718; x_wconf 86' lang='lat' dir='ltr'>est</span> <span class='ocrx_word' id='word_1_160' title='bbox 649 2646 723 2719; x_wconf 80' lang='lat' dir='ltr'>eum</span> <span class='ocrx_word' id='word_1_161' title='bbox 740 2657 840 2735; x_wconf 81' lang='lat' dir='ltr'>virili3</span> <span class='ocrx_word' id='word_1_162' title='bbox 865 2675 925 2720; x_wconf 86' lang='lat' dir='ltr'>nee</span> <span class='ocrx_word' id='word_1_163' title='bbox 940 2662 1048 2719; x_wconf 88' lang='lat' dir='ltr'>tamen</span> <span class='ocrx_word' id='word_1_164' title='bbox 1072 2655 1130 2717; x_wconf 90' lang='lat' dir='ltr'>has</span> <span class='ocrx_word' id='word_1_165' title='bbox 1153 2653 1213 2716; x_wconf 85' lang='lat' dir='ltr'>‘res</span> <span class='ocrx_word' id='word_1_166' title='bbox 1236 2650 1353 2714; x_wconf 91' lang='lat' dir='ltr'>similis</span> 
     </span>
     <span class='ocr_line' id='line_1_22' title="bbox 287 2761 1441 2849; baseline -0.001 -24"><span class='ocrx_word' id='word_1_167' title='bbox 287 2761 421 2846; x_wconf 87' lang='lat' dir='ltr'>figurae&#39;</span> <span class='ocrx_word' id='word_1_168' title='bbox 455 2765 562 2826; x_wconf 80' lang='lat' dir='ltr'>statim</span> <span class='ocrx_word' id='word_1_169' title='bbox 597 2767 728 2829; x_wconf 88' lang='lat' dir='ltr'>omnino</span> <span class='ocrx_word' id='word_1_170' title='bbox 761 2767 882 2830; x_wconf 90' lang='lat' dir='ltr'>similes</span> <span class='ocrx_word' id='word_1_171' title='bbox 917 2771 1031 2849; x_wconf 85' lang='lat' dir='ltr'>putare</span> <span class='ocrx_word' id='word_1_172' title='bbox 1066 2762 1221 2826; x_wconf 90' lang='lat' dir='ltr'>debemus</span> <span class='ocrx_word' id='word_1_173' title='bbox 1250 2763 1287 2840; x_wconf 92' lang='lat' dir='ltr'>(i.</span> <span class='ocrx_word' id='word_1_174' title='bbox 1324 2781 1352 2825; x_wconf 90' lang='lat' dir='ltr'>e.</span> <span class='ocrx_word' id='word_1_175' title='bbox 1440 2835 1441 2838; x_wconf 8' lang='grc' dir='ltr'><strong>Ἴ</strong></span> 
     </span>
     <span class='ocr_line' id='line_1_23' title="bbox 287 2871 1353 2956; baseline 0 -22"><span class='ocrx_word' id='word_1_176' title='bbox 287 2873 431 2936; x_wconf 80' lang='lat' dir='ltr'>calceum</span> <span class='ocrx_word' id='word_1_177' title='bbox 464 2873 520 2956; x_wconf 93' lang='lat' dir='ltr'>qui</span> <span class='ocrx_word' id='word_1_178' title='bbox 560 2873 724 2939; x_wconf 90' lang='lat' dir='ltr'>muliebris</span> <span class='ocrx_word' id='word_1_179' title='bbox 763 2876 900 2952; x_wconf 86' lang='lat' dir='ltr'>videtur,</span> <span class='ocrx_word' id='word_1_180' title='bbox 941 2872 1107 2951; x_wconf 89' lang='lat' dir='ltr'>muliebri;</span> <span class='ocrx_word' id='word_1_181' title='bbox 1152 2873 1209 2954; x_wconf 86' lang='lat' dir='ltr'>qui</span> <span class='ocrx_word' id='word_1_182' title='bbox 1247 2871 1353 2934; x_wconf 82' lang='lat' dir='ltr'>uirilis</span> 
     </span>
     <span class='ocr_line' id='line_1_24' title="bbox 285 2981 1440 3071; baseline 0.001 -29"><span class='ocrx_word' id='word_1_183' title='bbox 285 2981 423 3062; x_wconf 80' lang='lat' dir='ltr'>videtur,</span> <span class='ocrx_word' id='word_1_184' title='bbox 445 2983 532 3045; x_wconf 88' lang='lat' dir='ltr'>virili</span> <span class='ocrx_word' id='word_1_185' title='bbox 545 2983 707 3069; x_wconf 89' lang='lat' dir='ltr'>similem),</span> <span class='ocrx_word' id='word_1_186' title='bbox 725 2987 802 3067; x_wconf 88' lang='lat' dir='ltr'>quia</span> <span class='ocrx_word' id='word_1_187' title='bbox 819 3003 912 3067; x_wconf 85' lang='lat' dir='ltr'>saepe</span> <span class='ocrx_word' id='word_1_188' title='bbox 928 2984 1072 3046; x_wconf 90' lang='lat' dir='ltr'>mulieris</span> <span class='ocrx_word' id='word_1_189' title='bbox 1088 2981 1193 3045; x_wconf 84' lang='lat' dir='ltr'>calceo</span> <span class='ocrx_word' id='word_1_190' title='bbox 1213 2981 1354 3044; x_wconf 87' lang='lat' dir='ltr'>formam</span> <span class='ocrx_word' id='word_1_191' title='bbox 1439 3043 1440 3071; x_wconf 26' lang='grc' dir='ltr'>ἒ</span> 
     </span>
     <span class='ocr_line' id='line_1_25' title="bbox 285 3091 1353 3174; baseline 0 -23"><span class='ocrx_word' id='word_1_192' title='bbox 285 3091 420 3172; x_wconf 80' lang='lat' dir='ltr'>virilem,</span> <span class='ocrx_word' id='word_1_193' title='bbox 444 3092 550 3156; x_wconf 83' lang='lat' dir='ltr'>calceo</span> <span class='ocrx_word' id='word_1_194' title='bbox 574 3095 637 3156; x_wconf 88' lang='lat' dir='ltr'>viri</span> <span class='ocrx_word' id='word_1_195' title='bbox 668 3093 858 3158; x_wconf 89' lang='lat' dir='ltr'>muliebrem</span> <span class='ocrx_word' id='word_1_196' title='bbox 893 3093 1029 3157; x_wconf 85' lang='lat' dir='ltr'>formam</span> <span class='ocrx_word' id='word_1_197' title='bbox 1063 3091 1186 3174; x_wconf 89' lang='lat' dir='ltr'>imponi</span> <span class='ocrx_word' id='word_1_198' title='bbox 1218 3093 1310 3153; x_wconf 78' lang='lat' dir='ltr'>const</span> <span class='ocrx_word' id='word_1_199' title='bbox 1332 3096 1353 3152; x_wconf 81' lang='lat' dir='ltr'>t.</span> 
     </span>
     <span class='ocr_line' id='line_1_26' title="bbox 285 3199 1439 3283; baseline 0.001 -22"><span class='ocrx_word' id='word_1_200' title='bbox 285 3199 353 3262; x_wconf 89' lang='lat' dir='ltr'>Iam</span> <span class='ocrx_word' id='word_1_201' title='bbox 377 3201 479 3282; x_wconf 81' lang='lat' dir='ltr'>videa,</span> <span class='ocrx_word' id='word_1_202' title='bbox 502 3221 553 3266; x_wconf 88' lang='lat' dir='ltr'>rue</span> <span class='ocrx_word' id='word_1_203' title='bbox 576 3208 661 3266; x_wconf 85' lang='lat' dir='ltr'>reete</span> <span class='ocrx_word' id='word_1_204' title='bbox 685 3205 876 3267; x_wconf 78' lang='lat' dir='ltr'>correxisse:</span> <span class='ocrx_word' id='word_1_205' title='bbox 910 3204 953 3266; x_wconf 82' lang='lat' dir='ltr'>‘in</span> <span class='ocrx_word' id='word_1_206' title='bbox 977 3201 1074 3266; x_wconf 89' lang='lat' dir='ltr'>rebus</span> <span class='ocrx_word' id='word_1_207' title='bbox 1090 3200 1203 3264; x_wconf 90' lang='lat' dir='ltr'>similis</span> <span class='ocrx_word' id='word_1_208' title='bbox 1226 3199 1356 3283; x_wconf 85' lang='lat' dir='ltr'>figurae</span> <span class='ocrx_word' id='word_1_209' title='bbox 1438 3207 1439 3230; x_wconf 52' lang='lat' dir='ltr'>l</span> 
     </span>
     <span class='ocr_line' id='line_1_27' title="bbox 285 3309 824 3394; baseline 0.006 -24"><span class='ocrx_word' id='word_1_210' title='bbox 285 3309 404 3374; x_wconf 88' lang='lat' dir='ltr'>formas</span> <span class='ocrx_word' id='word_1_211' title='bbox 428 3310 600 3376; x_wconf 87' lang='lat' dir='ltr'>dissimiles</span> <span class='ocrx_word' id='word_1_212' title='bbox 622 3311 824 3394; x_wconf 84' lang='lat' dir='ltr'>imponunt’?</span> 
     </span>
    </p>
   </div>
   <div class='ocr_carea' id='block_1_3' title="bbox 284 3489 1437 3938">
    <p class='ocr_par' dir='ltr' id='par_1_5' title="bbox 286 3489 1437 3756">
     <span class='ocr_line' id='line_1_28' title="bbox 393 3489 1357 3572; baseline -0.001 -17"><span class='ocrx_word' id='word_1_213' title='bbox 393 3503 419 3572; x_wconf 87' lang='lat'>1)</span> <span class='ocrx_word' id='word_1_214' title='bbox 438 3489 527 3557; x_wconf 84' lang='lat' dir='ltr'>Verba&#39;</span> <span class='ocrx_word' id='word_1_215' title='bbox 546 3519 613 3572; x_wconf 89' lang='lat' dir='ltr'>quae</span> <span class='ocrx_word' id='word_1_216' title='bbox 632 3506 695 3556; x_wconf 84' lang='lat' dir='ltr'>sunl</span> <span class='ocrx_word' id='word_1_217' title='bbox 714 3501 816 3572; x_wconf 76' lang='lat' dir='ltr'>‘figura&#39;</span> <span class='ocrx_word' id='word_1_218' title='bbox 834 3506 861 3556; x_wconf 83' lang='lat' dir='ltr'>at</span> <span class='ocrx_word' id='word_1_219' title='bbox 879 3497 980 3558; x_wconf 77' lang='lat' dir='ltr'>‘forma&#39;</span> <span class='ocrx_word' id='word_1_220' title='bbox 998 3503 1025 3558; x_wconf 90' lang='lat' dir='ltr'>h.</span> <span class='ocrx_word' id='word_1_221' title='bbox 1045 3503 1063 3557; x_wconf 90' lang='lat' dir='ltr'>l.</span> <span class='ocrx_word' id='word_1_222' title='bbox 1082 3503 1119 3556; x_wconf 77' lang='lat' dir='ltr'>ila</span> <span class='ocrx_word' id='word_1_223' title='bbox 1137 3501 1209 3554; x_wconf 80' lang='lat' dir='ltr'>inter·</span> <span class='ocrx_word' id='word_1_224' title='bbox 1227 3517 1255 3554; x_wconf 87' lang='lat' dir='ltr'>se</span> <span class='ocrx_word' id='word_1_225' title='bbox 1274 3500 1357 3554; x_wconf 86' lang='lat' dir='ltr'>diffe-</span> 
     </span>
     <span class='ocr_line' id='line_1_29' title="bbox 286 3591 1437 3662; baseline -0.001 -16"><span class='ocrx_word' id='word_1_226' title='bbox 286 3597 357 3662; x_wconf 83' lang='lat' dir='ltr'>runt,</span> <span class='ocrx_word' id='word_1_227' title='bbox 377 3596 408 3647; x_wconf 92' lang='lat' dir='ltr'>ut</span> <span class='ocrx_word' id='word_1_228' title='bbox 426 3593 494 3647; x_wconf 90' lang='lat' dir='ltr'>illud</span> <span class='ocrx_word' id='word_1_229' title='bbox 513 3595 547 3648; x_wconf 88' lang='lat' dir='ltr'>ad</span> <span class='ocrx_word' id='word_1_230' title='bbox 565 3598 705 3649; x_wconf 84' lang='lat' dir='ltr'>externam</span> <span class='ocrx_word' id='word_1_231' title='bbox 724 3595 841 3662; x_wconf 88' lang='lat' dir='ltr'>speeiem</span> <span class='ocrx_word' id='word_1_232' title='bbox 859 3593 938 3662; x_wconf 89' lang='lat' dir='ltr'>(quae</span> <span class='ocrx_word' id='word_1_233' title='bbox 957 3596 998 3646; x_wconf 91' lang='lat' dir='ltr'>est</span> <span class='ocrx_word' id='word_1_234' title='bbox 1016 3593 1045 3644; x_wconf 92' lang='lat' dir='ltr'>in</span> <span class='ocrx_word' id='word_1_235' title='bbox 1062 3592 1142 3646; x_wconf 88' lang='lat' dir='ltr'>verbo</span> <span class='ocrx_word' id='word_1_236' title='bbox 1157 3593 1233 3659; x_wconf 65' lang='lat' dir='ltr'>vox‘3</span> <span class='ocrx_word' id='word_1_237' title='bbox 1254 3591 1307 3646; x_wconf 85' lang='lat' dir='ltr'>hac</span> <span class='ocrx_word' id='word_1_238' title='bbox 1322 3593 1360 3645; x_wconf 86' lang='lat' dir='ltr'>ad</span> <span class='ocrx_word' id='word_1_239' title='bbox 1436 3597 1437 3616; x_wconf 63' lang='lat'><strong>³</strong></span> 
     </span>
     <span class='ocr_line' id='line_1_30' title="bbox 286 3687 874 3756; baseline -0.002 -17"><span class='ocrx_word' id='word_1_240' title='bbox 286 3687 411 3740; x_wconf 75' lang='lat' dir='ltr'>effaetum</span> <span class='ocrx_word' id='word_1_241' title='bbox 431 3687 475 3740; x_wconf 87' lang='lat' dir='ltr'>vel</span> <span class='ocrx_word' id='word_1_242' title='bbox 493 3687 714 3756; x_wconf 82' lang='lat' dir='ltr'>significationem</span> <span class='ocrx_word' id='word_1_243' title='bbox 733 3687 874 3754; x_wconf 74' lang='lat' dir='ltr'>pertineat.</span> 
     </span>
    </p>

    <p class='ocr_par' dir='ltr' id='par_1_6' title="bbox 284 3761 1364 3938">
     <span class='ocr_line' id='line_1_31' title="bbox 392 3761 1364 3846; baseline -0.005 -13"><span class='ocrx_word' id='word_1_244' title='bbox 392 3782 419 3842; x_wconf 70' lang='lat'>2&gt;</span> <span class='ocrx_word' id='word_1_245' title='bbox 438 3771 638 3832; x_wconf 76' lang='lat' dir='ltr'>‘indissimiles&#39;</span> <span class='ocrx_word' id='word_1_246' title='bbox 657 3779 724 3832; x_wconf 87' lang='lat' dir='ltr'>lalse</span> <span class='ocrx_word' id='word_1_247' title='bbox 744 3779 877 3846; x_wconf 84' lang='lat' dir='ltr'>scriplum</span> <span class='ocrx_word' id='word_1_248' title='bbox 892 3779 941 3842; x_wconf 74' lang='lat' dir='ltr'>est,</span> <span class='ocrx_word' id='word_1_249' title='bbox 961 3793 1023 3830; x_wconf 88' lang='lat' dir='ltr'>eum</span> <span class='ocrx_word' id='word_1_250' title='bbox 1042 3761 1126 3833; x_wconf 78' lang='lat' dir='ltr'>verbe</span> <span class='ocrx_word' id='word_1_251' title='bbox 1140 3791 1209 3844; x_wconf 88' lang='lat' dir='ltr'>opus</span> <span class='ocrx_word' id='word_1_252' title='bbox 1221 3777 1293 3830; x_wconf 77' lang='lat' dir='ltr'>esset</span> <span class='ocrx_word' id='word_1_253' title='bbox 1306 3791 1364 3829; x_wconf 82' lang='lat' dir='ltr'>eon</span> 
     </span>
     <span class='ocr_line' id='line_1_32' title="bbox 284 3863 1013 3938; baseline -0.001 -15"><span class='ocrx_word' id='word_1_254' title='bbox 284 3868 367 3923; x_wconf 79' lang='lat' dir='ltr'>trano</span> <span class='ocrx_word' id='word_1_255' title='bbox 386 3867 428 3922; x_wconf 92' lang='lat' dir='ltr'>illi</span> <span class='ocrx_word' id='word_1_256' title='bbox 447 3870 517 3938; x_wconf 89' lang='lat' dir='ltr'>quod</span> <span class='ocrx_word' id='word_1_257' title='bbox 536 3869 603 3924; x_wconf 85' lang='lat' dir='ltr'>falso</span> <span class='ocrx_word' id='word_1_258' title='bbox 622 3870 752 3938; x_wconf 77' lang='lat' dir='ltr'>seriptum</span> <span class='ocrx_word' id='word_1_259' title='bbox 772 3871 830 3926; x_wconf 85' lang='lat' dir='ltr'>erat</span> <span class='ocrx_word' id='word_1_260' title='bbox 846 3863 1013 3922; x_wconf 70' lang='lat' dir='ltr'>dissimilis.</span> 
     </span>
    </p>
   </div>
   <div class='ocr_carea' id='block_1_4' title="bbox 705 4118 950 4153">
    <p class='ocr_par' dir='ltr' id='par_1_7' title="bbox 705 4118 950 4153">
     <span class='ocr_line' id='line_1_33' title="bbox 705 4118 950 4153; baseline 0 -15"><span class='ocrx_word' id='word_1_261' title='bbox 705 4118 950 4153; x_wconf 32' lang='grc' dir='ltr'>,βψ-</span> 
     </span>
    </p>
   </div>
   <div class='ocr_carea' id='block_1_5' title="bbox 0 0 1459 4846">
    <p class='ocr_par' dir='ltr' id='par_1_8' title="bbox 0 0 1459 4846">
     <span class='ocr_line' id='line_1_34' title="bbox 0 0 1459 4846; baseline 0 0"><span class='ocrx_word' id='word_1_262' title='bbox 0 0 1459 4846; x_wconf 95' lang='lat' dir='ltr'> </span> 
     </span>
    </p>
   </div>
  </div>
 </body>
</html>
