2888 4854
626 368 667 436 22

113 558 313 642 praecedunt
337 557 380 622 ‘in
398 558 550 624 omuibus
573 555 717 642 partibus
749 557 862 621 mundi
891 565 1040 639 utraque·
1062 559 1183 620 natura

115 665 211 730 inest'
234 667 268 746 (i.
293 669 495 732 eranomalia
518 672 549 732 et
572 665 742 751 analogia),
764 667 825 730 hoc
854 667 933 730 mihi
957 665 1104 730 Muelleri
1126 666 1180 728 in·

116 781 261 857 ventum,
283 780 322 840 ut
351 778 437 860 quod
459 778 540 842 nihil
564 777 604 840 ad
625 777 682 839 illa
703 776 803 840 verba
832 778 910 841 novi
938 776 1063 856 adiciat,
1084 793 1181 857 repu-

114 885 271 949 diandum
300 905 370 950 esse
401 886 540 951 ridetur.
586 885 703 950 Contra
731 887 758 948 si
786 884 955 970 Spengelio
990 883 1180 948 assentiaris

115 999 146 1058 et
161 994 260 1059 verba
278 1015 359 1078 quae
376 1001 452 1060 sunt
468 996 566 1079 ‘quod
581 996 643 1060 alia
657 997 742 1058 inter
765 1013 799 1058 se
824 1043 831 1059 .
857 1044 863 1058 .
887 993 905 1056 .'
929 1013 1003 1057 cum
1020 993 1179 1077 exemplis

114 1103 324 1187 sequentibus
352 1105 510 1168 artissime
543 1107 730 1188 coniungas,
753 1109 784 1168 et
818 1105 993 1167 orationem
1027 1102 1178 1185 progredi

113 1218 146 1277 et
167 1214 202 1276 in
227 1213 364 1297 singulis
387 1213 495 1278 verbis
515 1215 595 1277 nihil
618 1216 725 1278 inesse
748 1213 932 1278 offensionis
964 1213 1037 1296 quis
1060 1212 1178 1295 neget?

112 1321 233 1387 Tamen
248 1342 290 1386 ue
305 1325 340 1385 iu
361 1324 421 1385 hac
437 1323 569 1406 quidem
585 1325 769 1386 coniectura
785 1324 972 1405 acquiesc03
997 1341 1056 1404 ego
1068 1323 1179 1405 potius

112 1431 212 1495 verba
234 1432 307 1496 ‘alia
333 1432 419 1496 sunt’
446 1433 694 1526 transponenda,
728 1437 833 1496 cetera
867 1436 975 1495 autem
1006 1433 1178 1514 interpun-

94 1537 219 1624 'genda
247 1560 317 1605 esse
350 1541 488 1606 arbitror
519 1543 579 1606 sic:
620 1540 718 1624 ‘quod
753 1542 814 1604 alia
845 1542 930 1604 inter
963 1559 997 1604 se
1026 1540 1109 1602 siout
1139 1540 1176 1602 in

113 1649 306 1713 animalibus
330 1651 499 1716 dissimilia
516 1657 602 1732 sunt,
625 1656 663 1714 ut
678 1669 783 1733 equus
806 1649 864 1714 bos
888 1651 957 1714 ovis
980 1650 1075 1712 homo
1098 1650 1178 1712 item

12 1817 17 1828 .
113 1759 186 1837 ulia,
208 1759 270 1822 alia
302 1767 379 1824 suut
406 1763 498 1825 etin
533 1778 730 1843 unoquoque
753 1760 869 1822 horum
893 1778 1010 1841 genere
1032 1761 1117 1822 inter
1141 1776 1178 1821 se

112 1868 231 1932 similia
254 1873 285 1932 et
308 1867 606 1948 innumerabilia’.1)

219 1997 388 2063 Edeoimo
413 1999 452 2060 de
475 1999 494 2060 l.
510 1999 529 2060 l.
553 1997 635 2060 libro
654 1999 751 2062 huius
774 1996 925 2061 vocabuli
948 1999 1094 2082 exempla
1117 2017 1176 2062 ex*

112 2113 184 2171 tant
206 2108 297 2172 haec:
323 2109 410 2192 5¹41,
433 2127 462 2190 p.
480 2103 546 2169 568
571 2106 614 2169 ‘in
639 2109 781 2171 nummis
805 2157 811 2169 .
836 2155 843 2169 .
867 2109 913 2170 sic
937 2107 1047 2171 estad
1071 2127 1175 2170 unum

113 2218 317 2282 victoriatum
341 2218 501 2296 denarius,
534 2217 617 2279 sicut
640 2216 680 2279 ad
708 2217 844 2280 alterum
867 2218 1070 2280 victoriatum
1095 2217 1178 2280 alter

112 2327 284 2392 denarius’.
332 2327 393 2391 Sed
419 2325 523 2390 ‘sicut'
547 2345 613 2389 non
637 2325 783 2388 codicum
801 2327 998 2406 auctoritati,
1026 2327 1082 2390 sed
1104 2327 1178 2389 vul·

110 2441 204 2520 gatae
225 2435 524 2516 lectionidebetur,
555 2455 654 2519 quare
684 2455 765 2499 uum
800 2441 885 2500 recte
912 2436 1049 2500 editores
1073 2437 1176 2500 nostri

112 2565 182 2610 eam
206 2549 242 2609 in
265 2551 419 2610 contextu
443 2545 675 2626 collocaverint,
698 2546 777 2608 mihi
801 2545 949 2609 dubitare
975 2546 1059 2609 licet.
1105 2545 1175 2630 Ego

112 2656 244 2740 quidem
264 2675 360 2740 quam
383 2655 509 2718 codices
533 2653 686 2718 exhibent
710 2653 758 2717 ‘si'
780 2655 971 2738 particulam
996 2656 1087 2718 aliter
1103 2676 1176 2719 mu·

110 2769 184 2828 tans
207 2765 313 2827 locum
337 2766 384 2829 sic
407 2763 614 2828 scribendum
637 2783 793 2847 propono:
819 2764 864 2826 ‘in
888 2765 1176 2828 commissioni

113 2872 217 2954 (codd.
245 2873 301 2938 ‘sic
325 2871 396 2958 est’)
421 2874 461 2936 ad
484 2893 588 2937 unum
612 2874 816 2938 victoriatum
835 2874 994 2954 denarius
1029 2875 1074 2937 sic
1109 2873 1175 2958 (‘si'

103 2961 215 3064 codd.)
252 2984 292 3046 ad
331 2985 465 3048 alterum
501 2966 705 3047 victoriatum
740 2984 819 3047 alter
857 2982 1026 3046 denarius’.
1085 2981 1176 3058 Quae

110 3093 204 3156 lectio
226 3093 277 3157 his
301 3093 381 3156 mihi
404 3093 443 3156 de
466 3093 572 3156 causis
594 3092 802 3174 praeferenda
829 3111 899 3156 esse
922 3093 1057 3156 videtur.
1103 3092 1176 3156 Pri-

109 3221 203 3273 mum
226 3202 369 3266 enimin
393 3201 542 3266 omnibus
568 3221 647 3284 quas
672 3201 773 3264 Varro
805 3201 857 3264 hio
887 3201 978 3264 affert
1008 3204 1175 3287 analogiae

110 3311 267 3393 turmulis
290 3317 321 3375 et
343 3313 379 3376 in
401 3313 442 3375 iis
466 3331 546 3394 quas
570 3329 587 3373 e
610 3312 753 3374 numeris
777 3314 808 3373 et
829 3311 865 3372 iu
888 3311 952 3374 illis
970 3332 1050 3394 quas
1067 3332 1084 3377 e
1100 3333 1175 3395 pro-

109 3421 205 3502 genie
228 3422 336 3498 sumit‚
361 3422 564 3484 enuntiatum
585 3421 761 3504 principale
784 3419 931 3502 apodosis
964 3429 1013 3485 est
1047 3441 1174 3505 compa-

109 3531 250 3593 rationis.
298 3528 401 3605 Quam
424 3529 598 3592 verborum
621 3535 814 3593 structuram
843 3534 879 3592 ut
901 3530 1027 3611 faceret,
1053 3534 1087 3594 in
1112 3553 1180 3606 uus

109 3657 274 3702 merorum
309 3639 458 3702 formulis
494 3639 586 3721 quasi
621 3645 738 3702 natura
772 3645 902 3703 coactus
935 3646 992 3718 est,
1030 3643 1115 3725 quod
1137 3645 1173 3706 iu

109 3747 224 3810 harum
249 3750 522 3830 comparationum
546 3767 672 3831 genere,
699 3748 755 3811 ubi
779 3769 798 3812 a
821 3731 959 3833 simplici
982 3753 1022 3815 ad
1046 3771 1174 3835 compo-

117 4002 120 4008 '
220 3982 246 4064 1)'
264 3981 535 4063 Notandum'tamen,
553 3994 641 4053 ‘sicut'
663 4000 714 4052 hoo
738 4015 791 4052 uno
814 3997 873 4068 loco
898 3981 1032 4054 afferendo
1051 4002 1174 4068 exemplo

109 4084 242 4138 inservire
261 4089 341 4155 atquo
359 4088 449 4142 valere
468 4083 594 4158 ‘exempli
618 4089 718 4158 gratia',
742 4106 794 4158 quo
817 4105 935 4158 munere,
960 4097 991 4144 ut
1008 4093 1078 4160 apud
1097 4091 1173 4161 alica,

14 4163 17 4170 ¹
109 4177 149 4230 sic
168 4179 239 4245 apud
257 4183 378 4234 nostrum
398 4181 553 4249 saepissime
571 4175 618 4233 ‘ut'
636 4181 768 4249 particula
785 4181 911 4250 fungitur.
