2888 4854
626 390 667 453 35

117 575 205 650 Quae
229 595 302 639 cum
327 577 372 638 ita
395 577 468 651 sint,
492 576 579 638 haud
603 578 668 640 scio
685 597 725 638 an
745 577 905 659 praeferre
929 581 1071 660 oporteat
1096 583 1178 641 stru-

117 692 240 748 cturam
264 685 437 749 verborum
461 686 558 748 hanc:
585 685 749 769 ‘Sequitur
771 691 862 768 porta
880 685 1011 767 Naevia,
1035 686 1121 768 quod
1144 688 1178 749 in

116 795 303 880 nemoribus
327 793 474 872 Naeviis3
511 797 557 858 ita
592 798 677 858 enim
701 796 779 875 loca,
814 794 870 858 ubi
894 815 940 875 ea,
976 801 1053 858 sunt
1076 794 1179 875 dicta,’

116 905 168 968 rel
193 924 274 987 quae
310 923 375 966 non
409 905 518 967 minus
553 905 618 968 leni
649 904 787 968 eflicitur
809 905 969 967 medicina
1005 904 1059 968 ‘ita
1094 907 1179 968 eninr

116 1015 194 1096 loca,
217 1013 273 1076 ubi
297 1033 333 1076 ea
357 1019 413 1095 est,
438 1013 539 1076 clieta&

222 1121 297 1186 'lies
327 1127 427 1208 igitur
457 1124 575 1207 protuli
611 1123 747 1186 sanandi
778 1123 866 1186 illius
898 1123 959 1187 loci
986 1124 1134 1204 rationes,
1163 1142 1180 1186 a

118 1232 238 1314 quibus
263 1252 458 1318 quacunque
491 1235 543 1297 hio
575 1232 633 1295 tibi
667 1237 800 1296 sanatus
824 1237 903 1296 'esse
926 1232 1063 1312 videtur,
1095 1238 1181 1296 certe

116 1343 186 1406 loco
209 1343 388 1425 particulae
413 1343 552 1406 ‘etenim’
579 1342 787 1406 scribendum
811 1361 882 1406 esse
907 1341 962 1405 ‘ita
981 1341 1077 1404 enim'
1102 1342 1180 1404 mihi

118 1472 327 1516 assensurum
351 1458 382 1516 te
405 1473 476 1517 esse
500 1472 600 1536 spero.
1147 1456 1150 1462 “

223 1561 297 1638 VII,
323 1563 341 1643 ξ
368 1563 383 1623 1
409 1583 438 1645 p.
464 1564 525 1625 281
560 1564 646 1645 quod
679 1562 833 1624 traditum
865 1566 913 1623 est
945 1558 1084 1623 ‘etenim’
1115 1561 1181 1623 iam

118 1672 280 1734 Victorius
303 1677 387 1734 reete
410 1673 548 1735 mutavit
571 1673 605 1734 in
630 1671 676 1735 ‘ut
699 1667 830 1736 errim’.¹l

228 1780 299 1859 VII,
323 1781 399 1861 §11
425 1801 454 1864 p.
472 1780 537 1843 294
561 1801 618 1865 pro
644 1801 681 1846 eo
707 1779 794 1864 quod
817 1781 852 1841 in
869 1779 978 1842 codice
1002 1785 1049 1842 est
1073 1767 1181 1842 ‘Enim

119 1892 189 1954 loca
213 1909 296 1972 quae
326 1891 389 1952 sint
418 1891 564 1974 designat
592 1911 667 1954 cum
703 1891 793 1953 dicit:
820 1937 825 1949 .
851 1888 868 1950 .‘
904 1886 1094 1972 Spengelius
1118 1888 1181 1972 legi

119 2000 222 2063 iubet:
242 1999 399 2063 ‘Eteniml
432 1999 498 2063 Nos
515 2020 589 2063 cum
608 1999 640 2063 C.
654 2000 689 2063 0.
703 1999 867 2078 Muellero,
891 1997 945 2059 cui
969 1998 1182 2081 adstipulatur

120 2106 307 2190 Grothiusssl
332 2109 503 2173 scribimus
528 2109 585 2172 ‘Ea
609 2109 715 2172 enim'.

227 2219 315 2300 vin,
347 2220 365 2302 ξ
396 2220 413 2280 7
447 2241 476 2303 p.
502 2218 564 2281 396
600 2217 686 2299 quod
718 2218 802 2280 servi
834 2234 1071 2296 nonnunquam
1101 2214 1181 2278 falsa

120 2328 258 2392 dictione
281 2335 420 2392 utuntur
443 2328 545 2391 Varro
569 2332 704 2391 excusat
727 2326 777 2389 his
800 2326 921 2390 verbis:

227 2436 302 2513 ‘Qui
333 2441 360 2502 si
394 2457 629 2520 nonnunquam
664 2437 839 2513 offendunt,
872 2455 936 2498 non
968 2439 1016 2497 est
1045 2434 1179 2496 mirum:

120 2549 240 2610 etenim
263 2545 346 2625 illi,3l
379 2550 435 2632 qui
458 2549 554 2631 primi
577 2548 709 2610 nomina
736 2548 960 2628 imposuerunt
983 2543 1089 2624 rebus⁷
1119 2542 1182 2604 for-

119 2663 203 2720 tasse
227 2677 269 2720 an
291 2659 325 2720 in
351 2658 543 2740 quibusdam
568 2659 632 2720 sint
654 2657 754 2740 lapsi'.

154 2801 155 2806 κ
226 2766 437 2831 Scribendum
454 2786 533 2848 esse,
557 2773 593 2830 ut
608 2787 685 2830 vera
704 2769 745 2830 sit
761 2764 935 2844 excusatiO,
959 2781 1017 2845 pro
1042 2759 1181 2824 ‘etenim'

120 2877 161 2940 ‘et
185 2877 281 2940 enim'
306 2879 431 2959 primus
454 2877 535 2939 vidit
558 2873 749 2957 dissuasa)

225 2986 435 3069 Relinquitur
458 3005 544 3049 unus
567 2987 602 3048 in
618 2987 667 3049 his
692 2986 730 3048 de
753 2987 773 3048 l.
790 2985 810 3046 l.
826 2983 918 3045 libris
935 2982 1028 3044 locus
1045 2979 1087 3060 X,
1103 2979 1122 3061 ἓ
1139 2979 1181 3042 ,68

118 3119 147 3179 p.
174 3096 236 3160 582
262 3098 331 3160 sine
353 3095 420 3158 ulla
444 3097 620 3177 scripturae
644 3095 827 3158 diversitate
851 3098 882 3156 et
904 3093 937 3154 in
963 3088 1127 3153 codicibus
1151 3093 1182 3151 et

119 3209 153 3269 in
178 3204 374 3269 editionibus
398 3207 538 3288 scriptus
562 3206 621 3267 sic:
648 3202 799 3267 ‘Tertium
822 3221 924 3286 genus
948 3205 995 3263 est
1017 3198 1099 3263 illud
1124 3198 1181 3260 du-

120 3316 195 3398 plex
218 3353 261 3360 —-
284 3316 316 3376 in
343 3333 406 3396 quo
431 3319 462 3377 et
485 3333 535 3378 res
559 3321 589 3377 et
611 3333 707 3377 voces
740 3312 886 3375 similiter
908 3310 1112 3393 proportione
1136 3309 1182 3370 di-

121 3429 239 3488 cuntur
262 3461 305 3468 —
329 3424 367 3487 de
397 3437 536 3506 quorum
568 3424 716 3506 analogia
747 3428 778 3486 et
801 3419 1032 3503 Aristophanes
1065 3423 1096 3481 et
1128 3419 1182 3480 alii

121 3535 329 3616 scripserunt.
375 3533 504 3597 Etenim
528 3535 605 3596 haec
630 3533 769 3613 denique
793 3530 939 3614 perfecta,
971 3534 1006 3591 ut
1029 3530 1062 3590 in
1087 3530 1184 3591 orati-

229 3743 254 3811 1)
273 3745 313 3798 Ile
332 3745 382 3798 hoc
402 3743 460 3798 loco
478 3744 548 3797 infra
567 3743 718 3796 accuratius
737 3740 873 3794 disseram.

228 3837 254 3902 2)
273 3853 299 3903 p.
319 3837 352 3890 36
372 3853 398 3890 n.
418 3837 478 3893 203.

228 3927 255 3994 3)
274 3927 337 3980 ‘illa'
358 3929 448 3993 codd.;
476 3923 532 3980 ‘illi’
553 3927 740 3995 quadrabant
764 3929 791 3978 ot
809 3928 913 3978 veteres
932 3925 1033 3977 multae
1052 3925 1182 3977 editiones

123 4019 149 4068 ot
168 4017 196 4070 C.
216 4017 246 4071 Ο.
267 4018 422 4088 Muellerus,
442 4020 524 4073 etiam
543 4017 702 4086 Spengelius
721 4018 814 4085 probat
832 4017 882 4085 (llo
902 4019 1005 4073 emend,
1024 4019 1075 4070 rat.
1095 4035 1119 4085 p,
1140 4019 1184 4076 13»

123 4110 148 4160 ot
168 4125 253 4176 nuper
272 4109 400 4164 Grctlrius
418 4112 435 4166 l.
455 4129 477 4166 e.
498 4130 522 4179 p.
542 4111 567 4164 8.

227 4201 254 4270 4)
275 4202 321 4256 cir.
341 4202 437 4257 Plrilol.
456 4203 508 4256 vol.
529 4203 600 4257 XVI.
620 4219 645 4269 p.
665 4203 726 4255 4:34.

972 4299 1006 4356 3*
