2888 4854
777 323 818 394 28

261 513 366 580 situm
397 509 450 574 vel
481 507 521 571 ab
553 527 619 572 uno
650 509 691 573 ad
723 511 905 594 multiplum
935 513 1098 592 transitur,
1130 513 1267 596 simplex
1294 514 1332 576 in

265 621 387 704 protasi
418 619 567 683 collocari
605 617 763 702 oportet.1)
818 618 907 695 Quae
933 640 1007 684 cum
1033 623 1079 684 ita
1101 622 1167 686 sint
1189 642 1226 686 ac
1248 624 1332 687 ratio

265 748 399 812 prorsus
423 730 569 811 postulet
592 731 629 792 in
650 729 710 794 hac
733 732 970 813 comparatione
992 735 1029 794 ut
1050 731 1128 796 haec
1152 733 1333 815 quaemihi

265 840 371 922 placet
359 836 565 902 tverborum
587 837 644 902 fiat
631 842 885 904 t-structura
902 841 1060 910 sententia
1083 843 1170 906 enim
1186 843 1274 907 relat
1254 848 1332 923 tiva,

262 969 306 1014 ea
329 967 456 1032 quaea
480 947 575 1012 sicut
577 947 795 1031 ’particula
787 951 955 1033 incipitu
956 955 1074 1032 tquae
1097 957 1204 1016 mente
1228 952 1332 1035 quod-

263 1059 342 1124 dam
376 1059 482 1142 prius
505 1077 623 1142 concep
625 1063 694 1122 tum
731 1077 792 1122 con
794 1061 902 1140 tineat‚
936 1064 1011 1125 ante
1045 1061 1194 1126 demonst
1180 1064 1333 1126 trativam

265 1168 385 1232 babeat
406 1168 515 1230 locum
539 1172 729 1251 oportet—
730 1167 855 1248 hanc
867 1187 943 1257 ego
975 1189 1080 1234 meam
1113 1173 1333 1236 coniecturam

265 1279 314 1342 illi
339 1298 438 1360 quam
461 1277 527 1340 edit
515 1281 598 1342 tores
628 1278 664 1340 in
688 1282 875 1341 contextum
907 1286 1105 1363 receperunt,
1136 1284 1333 1362 anteponere

266 1407 334 1451 ιιοιι
353 1387 471 1451 dubito,

374 1517 411 1581 In
438 1516 549 1580 eodem
581 1517 640 1580 hoc
667 1516 749 1580 libro
773 1517 814 1582 X.
850 1519 878 1581 si
910 1518 1117 1601 Spengelium
1152 1522 1333 1604 sequimur,

267 1630 351 1692 hunc
381 1627 571 1710 particulam
606 1626 737 1708 praebet
774 1628 865 1691 locus
893 1628 949 1709 qui
983 1633 1031 1691 est
1065 1629 1160 1710 §45
1191 1650 1221 1712 p.
1247 1629 1330 1691 570:

264 1738 452 1801 ‘Unumfl
477 1737 554 1798 sie
578 1739 715 1799 est:—-
738 1741 775 1798 ιιι
797 1755 900 1798 ιιιιιιιιι
925 1737 963 1800 ad
989 1737 1061 1818 duo,
1086 1739 1132 1801 sic
1155 1739 1265 1802 decem
1287 1739 1332 1802 ad

266 1848 391 1931 viginti.
438 1847 618 1908 Alterum
643 1847 774 1908 :sicut
797 1850 845 1908 est
867 1866 973 1910 unum
996 1847 1125 1927 adduo,
1147 1848 1331 1911 sicduoad

264 1963 348 2042 quat
348 1957 441 2020 tuor’
488 1955 519 2018 O.
539 1953 574 2018 Ο.
592 1954 764 2018 Muellerus
787 1960 855 2018 rect
855 1955 905 2018 ius
921 1957 1002 2019 mihi
1024 1957 1165 2021 scribere
1185 1958 1273 2021 videt
1260 1963 1329 2021 t:ur

264 2068 340 2132 sic:
364 2073 429 2130 ut.
536 2101 578 2111 -
602 2064 789 2128 Eudemi
739 2084 775 2127 ra
776 2065 862 2128 tione
882 2065 916 2128 hi
932 2066 997 2129 edit
984 2070 1067 2131 tores
1084 2067 1238 2132 differunt
1251 2067 1331 2132 ibid.

266 2179 363 2262 §49
397 2198 425 2261 p.
425 2113 523 2240 573.
582 2174 773 2258 Spengelius
812 2175 898 2238 enim
937 2175 1061 2239 scribit.
1103 2176 1152 2241 ‘In
1187 2179 1331 2242 oratione

265 2305 399 2371 quoque
422 2304 670 2367 nonnumquam
693 2285 878 2365 reperietur,
903 2285 988 2349 sicut
1012 2283 1183 2351 Diomedes
1206 2288 1333 2352 confer-

264 2402 322 2461 tur
345 2434 397 2477 —-,
430 2396 476 2458 sic
507 2395 622 2456 dicitur
649 2390 689 2454 ab
713 2391 871 2457 Hercules
895 2393 1029 2458 Herculi
1052 2400 1083 2458 et
1105 2392 1331 2473 Herculibus’3

266 2507 326 2571 ubi
349 2504 488 2570 eundem
511 2503 704 2567 Muellerum
737 2502 855 2565 rectius
880 2504 1044 2587 scripsisse
1075 2508 1153 2589 puto
1186 2505 1245 2567 sic:
1280 2503 1333 2566 ‘In
1425 2565 1426 2578 ,

264 2617 411 2680 eratione
451 2632 579 2697 quoque
615 2631 851 2693 nonnunquam
888 2611 1077 2695 reperietur,
1112 2615 1171 2678 sic:
1211 2619 1248 2678 ιιι
1278 2650 1333 2696 -,

265 2729 315 2790 sic
338 2777 344 2789 .
370 2775 375 2788 .
398 2721 451 2806 32)
475 2761 518 2770 -

275 2841 278 2848 ’
375 2854 480 2919 Venio
505 2853 545 2916 ad
561 2851 716 2915 Varronis
733 2851 772 2914 de
795 2872 819 2914 r.
843 2872 868 2914 r.
885 2851 993 2933 libros
1015 2853 1050 2914 in
1071 2854 1189 2935 quibus
1204 2855 1258 2918 ille
1274 2856 1333 2937 qui
1425 2857 1426 2866 ’

266 2963 480 3044 incusasti,
505 2961 557 3039 23,
593 2964 610 3024 5
647 2960 799 3024 ‘idoneus
822 2962 914 3025 locus
942 2962 1119 3046 eligendus
1152 2964 1210 3028 ubi
1232 2965 1333 3028 facias

267 3075 421 3139 salictum
444 3077 476 3136 et
499 3072 737 3147 arundinetum,
768 3074 813 3136 sic
837 3073 898 3136 alia
923 3091 1005 3156 quae
1028 3073 1200 3137 humidum
1221 3075 1333 3139 locum

267 3186 441 3266 quaerunt.
488 3179 605 3244 Contra
628 3181 684 3244 ubi
707 3188 830 3266 segetes
853 3183 1090 3263 frumentarias,
1114 3179 1195 3245 ubi3l
1224 3181 1333 3244 fabam

266 3295 472 3378 potissimum
497 3311 592 3355 seras.
638 3289 719 3353 Item
744 3291 806 3353 alia
830 3310 912 3374 quae
935 3291 1023 3354 arida
1045 3292 1116 3355 loca
1139 3297 1334 3375 sequuntur,
1425 3331 1426 3380 t

266 3405 354 3468 sieut
377 3401 538 3465 umbrosis
560 3400 639 3463 locis
661 3400 723 3462 alia
746 3419 832 3463 seras
856 3438 909 3482 —,
932 3406 962 3466 et
985 3403 1099 3484 apricis
1124 3405 1159 3464 ut
1180 3401 1226 3463 ibi
1243 3419 1333 3464 seras
1425 3381 1426 3390 ἒ

377 3651 405 3718 1)
424 3650 470 3704 cfr.
489 3652 635 3707 sententias
652 3645 725 3705 ‘nam
743 3667 824 3718 quam
842 3649 972 3703 rationem
992 3650 1045 3704 duo
1064 3650 1097 3703 ad
1120 3666 1206 3702 unum
1224 3647 1333 3716 habent,
1425 3637 1426 3654 ³

266 3742 383 3796 eandem
401 3739 500 3794 habent
518 3743 614 3812 viginti
638 3746 672 3798 ad
696 3742 797 3796 dccem'
822 3773 856 3781 -
879 3737 913 3796 ‘si
936 3742 1081 3796 contuleris
1106 3757 1168 3794 cum
1191 3756 1245 3794 uno
1270 3740 1333 3808 duc,
1425 3719 1426 3746 ³

266 3835 309 3888 sic
327 3850 390 3888 cum
409 3833 500 3886 decem
519 3835 632 3903 viginti’,
1425 3809 1426 3826 Χ

275 3997 278 4004 ⁴
376 3927 402 3988 2)
413 3924 555 3978 Librorum
574 3926 607 3978 de
625 3926 667 3986 ιι,
687 3927 816 3996 reliquiae
834 3921 921 3981 ‘sicut'
941 3942 994 3980 uno
1012 3926 1063 3980 hoc
1082 3924 1140 3979 loco
1159 3923 1336 3994 comprobant

265 4015 332 4070 libri
351 4015 436 4068 tertii:
456 4010 542 4070 ‘Sicut
559 4019 637 4070 nocet
654 4019 785 4085 panthera
802 4021 829 4073 et
846 4019 896 4072 lea’
917 4020 969 4088 (ap.
988 4018 1083 4074 erm.
1103 4033 1127 4086 p.
1148 4015 1210 4080 150,
1229 4016 1265 4083 6).

275 4099 279 4108 ’
376 4109 404 4178 3)
423 4108 466 4163 Sic
486 4107 648 4176 Politianus;
667 4103 721 4162 ‘ibi’
742 4109 850 4170 Gesner.
872 4149 875 4156 ,
