2908 4846
392 576 434 640 Et
461 584 546 642 recte
574 580 625 640 vir
653 579 766 641 dectus
791 571 883 640 ‘sive'
912 578 1089 642 tollendum
1118 597 1189 643 esse
1211 578 1348 656 iudicat3

285 687 347 749 hoo
369 706 445 750 vero
469 687 646 770 neglexit,¹)
669 706 737 750 non
753 688 905 750 traditum
931 706 1001 752 esse
1021 680 1075 750 ‘ab
1100 706 1136 750 eo
1162 685 1269 771 quod’,
1293 687 1350 750 sed
1444 677 1445 752 l

281 786 337 858 ‘ab
363 813 399 858 eo
425 797 543 879 quom’‚
567 817 651 879 quae
674 796 772 860 verba
795 802 880 860 recte
904 817 938 861 se
960 797 1077 860 habere
1100 798 1238 879 perfecto
1258 789 1351 859 ‘con-
1444 813 1445 837 ¹

283 906 458 969 tiouerunt'
481 907 645 970 luculente
669 905 907 990 significaturfl)
953 905 1026 969 Non
1050 907 1150 989 igitur
1178 905 1241 968 duo
1266 904 1350 968 Con-

285 1015 390 1077 ticinii
425 1018 514 1080 vocis
549 1017 729 1098 veriloquio
764 1021 1009 1099 componuntur,
1045 1034 1145 1098 quare
1179 1033 1244 1076 non
1278 1013 1350 1076 fieri

283 1128 390 1206 potest
424 1131 460 1187 ut
491 1119 578 1190 ‘nisi’
603 1145 659 1209 pro
680 1117 772 1188 ‘sive’
802 1124 967 1189 scribatur.
1013 1124 1082 1208 Ego
1117 1143 1192 1187 vero
1222 1124 1261 1187 de
1288 1124 1351 1186 hoc

285 1232 355 1295 loco
378 1235 424 1296 ita
446 1236 565 1312 iudico,
590 1241 627 1299 ut
650 1236 790 1318 primum
809 1235 896 1297 illius
919 1237 1008 1297 vocis
1033 1236 1188 1318 originem
1203 1233 1351 1311 indicari,

283 1347 355 1405 tum
392 1349 520 1427 tempus
554 1345 725 1409 Oonticinii
758 1342 855 1427 Opilii
882 1343 991 1407 verbis
1026 1344 1162 1407 describi
1202 1342 1348 1408 arbitrer.

286 1449 399 1533 Itaque
423 1473 482 1534 ego
506 1442 686 1518 Varronem
710 1454 876 1536 scripsisse
910 1459 988 1536 puto
1020 1454 1114 1516 haec:
1148 1445 1180 1515 ‘a
1215 1453 1350 1515 contici-

285 1561 404 1625 scendo
422 1562 648 1644 Conticinium
672 1562 757 1646 quod
780 1582 832 1637 (so.
856 1567 1006 1646 tempusl,
1029 1568 1067 1625 ut
1079 1562 1204 1646 Opilius
1227 1562 1348 1643 scribit,

281 1661 337 1732 ‘ab
362 1689 399 1734 eo
424 1692 520 1754 quom
545 1673 770 1736 conticuerunt
793 1671 959 1736 homines'.
1006 1671 1069 1736 Sed
1083 1678 1249 1754 utcunque
1269 1673 1350 1734 haee

284 1780 469 1843 coniectura
502 1801 535 1844 se
563 1782 666 1863 habet,
698 1787 783 1845 certe
808 1781 896 1846 ‘sive’
925 1782 1114 1864 particulam
1137 1781 1347 1844 nullomodo

284 1889 337 1951 hio
361 1889 504 1953 obtinere
527 1910 620 1974 posse
643 1892 722 1953 mihi
744 1893 899 1975 persuasi.

393 1997 498 2074 Quare
521 2001 557 2061 in
580 1999 671 2062 libris
695 2000 734 2062 de
758 2003 775 2064 l.
798 2001 818 2063 l.
844 2000 933 2064 ‘sive'
950 2001 1039 2064 nullo
1057 2002 1128 2063 loco
1144 2003 1188 2064 ita
1203 2001 1347 2083 positum

282 2112 341 2189 est,
366 2117 401 2171 ut
424 2108 582 2191 significet
606 2108 692 2189 ‘vel’3
727 2111 782 2192 qui
807 2116 915 2173 autem
937 2111 999 2173 loci
1021 2129 1038 2174 e
1057 2109 1205 2173 Muelleu'
1239 2111 1347 2172 conie-

281 2218 581 2300 cturaparticulam
599 2221 645 2282 sio
664 2219 836 2282 adhibitam
853 2221 1014 2302 praebent,
1038 2239 1148 2283 omnes
1171 2237 1238 2281 non
1261 2217 1348 2280 bona

283 2326 443 2389 medicina
466 2333 594 2392 sanatos
618 2347 687 2392 esse
710 2349 799 2392 nunc
823 2329 1055 2393 demonstrabo.
1100 2327 1143 2391 nt
1170 2329 1227 2411 qni
1254 2329 1347 2391 locus

281 2441 332 2498 est
364 2434 404 2518 V,
439 2437 458 2517 ᾖ
488 2435 529 2500 73
563 2459 593 2521 p.
623 2438 664 2500 78
700 2437 823 2501 ‘Honos
860 2439 900 2502 ab
935 2440 1068 2503 honesto
1108 2436 1229 2519 onere',
1268 2457 1346 2500 eum

280 2542 318 2606 Ο.
335 2545 512 2610 Muellerus
537 2549 582 2610 sic
605 2549 756 2612 mutavit:
783 2547 906 2612 ‘Honos
930 2549 970 2611 ab
993 2550 1113 2612 honere
1136 2549 1204 2610 sive
1228 2546 1345 2610 onere’.

279 2653 344 2718 Sed
368 2655 459 2718 nulla
483 2675 562 2739 opus
586 2662 635 2720 est
657 2653 868 2725 mutationeb.
914 2658 999 2721 Nam
1022 2658 1063 2720 ad
1086 2659 1243 2740 originem
1272 2658 1344 2738 qui-

279 2764 355 2826 dem
394 2763 536 2828 Honoris
575 2765 725 2829 vocabuli
771 2768 997 2850 explicandam
1038 2766 1204 2830 sufficiunt
1245 2765 1343 2828 verba

279 2872 404 2937 ⁴Honos
439 2873 478 2936 ab
514 2875 634 2953 onere'3
670 2875 725 2938 sed
748 2894 813 2938 non
838 2876 995 2960 originem
1013 2875 1134 2957 modo,
1166 2875 1341 2939 sedetiam

279 2983 546 3067 significationem
579 2983 730 3047 vocabuli
762 2990 869 3048 noster
900 2985 1076 3068 patefacere
1108 2985 1190 3061 vult,
1225 2986 1270 3048 ita
1305 2990 1342 3048 ut

278 3095 376 3175 quasi
410 3093 473 3156 duo
508 3095 675 3157 enuntiata
708 3094 741 3155 in
778 3113 880 3156 unum
916 3095 1073 3158 coaluisse
1104 3095 1246 3178 putanda
1268 3096 1342 3176 sint,

279 3201 372 3265 haec:
393 3193 520 3266 ‘Honos
548 3202 587 3265 ab
612 3202 717 3265 onore’
742 3240 784 3248 -
805 3196 932 3268 ‘Honos
963 3209 1011 3267 est
1042 3205 1214 3268 honestum
1237 3203 1340 3267 onus'.

279 3308 320 3388 V,
343 3310 361 3390 ξ
381 3311 443 3372 145
466 3332 495 3394 p.
516 3312 576 3374 146
602 3313 688 3394 quod
718 3313 753 3374 in
786 3313 948 3377 codicibus
972 3320 1020 3377 cst
1040 3306 1278 3397 ‘Angiportum
1313 3316 1342 3377 si

278 3419 313 3480 id
352 3417 387 3501 (i.
424 3439 448 3483 e.
483 3421 648 3507 pervium)
691 3426 866 3504 angustum
891 3444 897 3484 :
922 3422 961 3486 ab
1001 3423 1124 3507 agendo
1165 3430 1196 3488 et
1234 3423 1340 3507 portn'

278 3525 315 3589 0.
339 3527 516 3595 Muellerus
550 3551 615 3594 non
647 3531 820 3610 intellexit3
855 3531 965 3595 scribit
996 3534 1082 3596 enim
1109 3525 1339 3615 ‘Angiportum

277 3638 348 3700 sive
372 3639 459 3720 quod
482 3639 514 3702 id
539 3646 724 3722 angustum,
747 3642 815 3704 sive
838 3640 877 3704 ab
902 3642 1027 3725 agendo
1044 3648 1075 3705 et
1089 3641 1202 3725 portn’.
1238 3644 1341 3725 Atqui

391 3936 418 3996 ll
436 3936 494 3990 Hoc
513 3937 584 3990 idem
603 3939 702 3992 accidit
720 3938 837 3994 Christio
854 3941 882 3993 in
902 3941 993 4010 philol.
1012 3941 1064 3996 vol,
1083 3940 1172 4008 XVII,
1197 3957 1221 4008 p.
1240 3938 1282 3992 60.
1307 3938 1340 3990 de

281 4025 333 4080 hoo
351 4025 410 4081 loco
429 4029 583 4098 disputanti.

385 4121 412 4184 2)
432 4119 484 4175 Clr.
503 4119 625 4188 Spengel.
645 4122 674 4175 in
692 4124 812 4177 eiusdem
831 4125 921 4194 philol.
941 4124 993 4178 vol.
1012 4123 1101 4190 XVII,
1121 4142 1146 4192 p.
1165 4123 1226 4178 303.

384 4210 413 4280 3)
431 4210 474 4264 Ne
487 4211 515 4268 C.
534 4211 561 4267 F.
575 4211 619 4265 W.
633 4213 778 4270 Muellerus
798 4215 906 4284 quidem
925 4215 958 4268 de
976 4214 1074 4269 tradita
1091 4214 1206 4268 lectione
1225 4211 1337 4265 dubitat.
