2908 4846
630 411 671 475 83

1 647 2 678 ,
117 595 322 678 supellectile,
346 595 496 658 distincta
520 617 602 678 quae
625 601 708 662 esset
730 616 772 660 ex
795 597 900 679 ebore,
924 598 1060 684 aliisque
1081 601 1179 666 rebus

1 737 2 776 ,
118 703 300 787 disparibus
322 702 446 786 figuris
471 725 568 788 quam
591 705 751 790 grabatis’.

224 813 287 876 Sed
312 811 469 896 ‘aliisque’
501 815 536 877 in
568 817 695 899 optimis
719 816 947 898 manuscriptis
976 817 1131 899 quisunt
1154 816 1179 879 M

1 1003 2 1006 Ἴ
116 929 148 985 et
170 922 212 1004 H,
237 923 337 1002 deest,
362 924 398 985 in
421 921 604 988 Florentino
628 932 737 988 autem
759 926 845 988 inter
875 924 974 988 verba
997 923 1114 989 ‘ebore'
1148 931 1179 990 et

116 1031 235 1094 ‘rebus’
275 1034 414 1114 spatium
452 1039 603 1116 quattuor
639 1035 819 1098 litterarum
854 1035 1075 1098 intermissum
1109 1053 1178 1099 esse

116 1140 271 1204 Grothius
295 1141 386 1206 docet
408 1144 428 1205 l.
452 1162 477 1205 0.
501 1165 530 1227 p.
553 1142 607 1208 49.

219 1250 259 1312 In
283 1252 378 1314 certis
402 1252 621 1316 locutionibus
657 1253 766 1315 locum
800 1252 896 1315 habet
927 1250 1085 1335 particula
1107 1251 1175 1314 his:

114 1359 157 1434 V,
183 1360 201 1440 ἕ
226 1361 278 1436 87,
302 1381 331 1443 p.
358 1362 398 1424 90
424 1360 533 1446 (opera
557 1361 784 1444 consilioque),
821 1360 912 1438 VIII,
937 1361 955 1442 ξ
981 1358 1031 1435 23,
1056 1380 1086 1443 p.
1111 1359 1176 1423 408

113 1469 245 1553 (Graeci
269 1468 464 1553 Latinique),
490 1468 563 1556 V,§
581 1471 631 1549 99,
654 1491 683 1553 p.
702 1469 765 1532 102
784 1473 826 1533 in.
852 1475 965 1548 (noctu
987 1467 1176 1552 luouquellj.

112 1579 155 1661 V,
180 1581 198 1661 ξ
225 1580 297 1660 153,
329 1600 358 1662 p.
387 1581 449 1641 153
474 1580 646 1662 evulgata
678 1580 815 1643 lectione
846 1581 1044 1663 scripserunt
1076 1578 1177 1662 Spen-
1303 1603 1304 1607 ¹

112 1689 218 1772 gelius
247 1693 278 1752 et
312 1687 488 1752 Muellerus
524 1687 644 1772 ‘pinnis
677 1688 906 1771 turribusque',
939 1688 996 1752 ubi
1031 1690 1177 1751 omnium

113 1799 406 1880 manuscriptorum
428 1799 707 1881 plurimarumque
726 1803 872 1861 veterum
888 1798 1067 1861 editionum
1082 1797 1176 1860 lectio

110 1913 175 1970 est:
202 1907 300 1990 ‘quod
323 1928 342 1971 a
366 1910 467 1971 muris
489 1905 640 1991 partern2)
655 1909 763 1990 pinnis
787 1907 931 1970 turribus
955 1908 1010 1990 qui
1033 1925 1176 1970 carceres

111 2017 191 2079 olim
214 2016 366 2080 fuerunt’.

218 2125 260 2189 lat
283 2129 457 2191 verisimile
481 2133 529 2191 est
550 2147 608 2210 pro
632 2125 709 2209 ‘qui’
735 2127 769 2188 in
785 2125 949 2189 codicibus
964 2125 1064 2188 fuisse
1080 2123 1176 2206 ‘quest

108 2241 222 2299 tamen
258 2237 296 2300 de
330 2243 396 2301 toto
420 2238 480 2299 hoc
507 2237 577 2300 loco
611 2236 768 2299 sententia
802 2235 882 2296 mihi
905 2240 967 2298 stat
989 2253 1054 2296 non
1078 2237 1174 2298 certa.

108 2343 183 2407 Hoc
206 2364 283 2409 vero
306 2349 415 2424 miror,
441 2346 526 2429 quod
551 2365 611 2408 nec
634 2343 810 2408 Muellerus
843 2362 902 2406 neo
925 2343 1117 2427 Spengelius
1139 2344 1175 2405 in

110 2453 253 2518 ablativo
276 2457 528 2520 insolentissime
550 2456 653 2538 posito
678 2453 817 2516 offendit.
969 2542 971 2546 ι

220 2563 315 2628 Unus
338 2566 391 2628 hic
413 2566 503 2628 locus
526 2565 654 2628 alienus
689 2568 737 2626 est
760 2583 778 2625 a
801 2565 925 2626 ratione
957 2581 1069 2626 eorum
1094 2580 1175 2644 quos

107 2673 283 2754 hucusque
318 2675 650 2752 commemoravimus,
682 2671 743 2752 IX,
777 2673 796 2752 ἓ
822 2673 872 2754 33,
904 2693 933 2755 p.
958 2673 1023 2733 479
1053 2672 1097 2734 in.
1122 2670 1175 2748 l‘si

109 2781 186 2863 quis
209 2782 326 2845 viderit
349 2783 502 2846 mutilum
526 2783 640 2845 bovem
673 2787 730 2844 aut
752 2781 879 2843 luscum
902 2781 1065 2843 hominem
1089 2780 1175 2842 elau-

107 2891 338 2973 dicantemque
362 2892 514 2974 equum’).
563 2891 625 2966 Qui
659 2895 766 2954 autem
791 2890 871 2953 alter
893 2890 1064 2954 huiusdem
1088 2888 1174 2951 modi

1 2987 2 3030 ἕ
105 2999 202 3061 locus
226 3004 274 3062 est
297 2999 337 3078 V,
362 3002 380 3082 ξ
406 3001 456 3083 74,
479 3023 508 3085 p.
535 3002 583 3064 79,
611 3020 685 3065 eum
714 3019 788 3062 cum
811 2996 983 3083 Hauptio3)
1014 3007 1093 3083 puto
1117 3001 1175 3061 vix

106 3126 182 3172 esse
216 3108 429 3173 dubitandum
462 3112 541 3193 quin
564 3109 669 3173 Varro
696 3107 744 3173 'ex
767 3107 865 3170 Ennii
893 3109 1063 3173 annalibus
1087 3129 1174 3172 sum-

105 3219 195 3281 serit.

216 3326 353 3410 Reliqua
383 3328 480 3392 huius
511 3330 638 3411 generis
672 3330 819 3412 exempla
852 3347 934 3411 quae
966 3329 1019 3392 vel
1049 3347 1066 3391 e
1099 3347 1174 3390 con-

103 3438 232 3499 iectura
255 3437 307 3500 vel
330 3457 347 3500 e
370 3439 507 3501 lectione
525 3437 681 3500 librorum
704 3439 788 3501 hane
806 3438 995 3522 particulam
1011 3435 1174 3520 praebent,

104 3547 219 3609 omnia
243 3547 405 3610 emendari
430 3551 560 3630 oportet.
606 3546 720 3630 Itaque
744 3546 783 3625 V,
815 3548 834 3628 ᾖ
861 3546 933 3628 170,
961 3567 990 3629 p.
1016 3546 1089 3626 171,
1116 3543 1173 3607 ubi

219 3775 244 3843 1)
264 3774 309 3829 Sic
328 3791 343 3826 e
363 3775 431 3828 coni.
451 3774 576 3828 Muelleri
594 3790 674 3844 quam
693 3791 742 3845 ego
761 3776 859 3844 optime
877 3776 977 3830 factam
995 3789 1053 3828 esse
1071 3772 1173 3828 iudico.

104 3865 221 3922 Tradita
244 3868 308 3919 sunt
336 3866 416 3920 haec:
448 3866 616 3921 ‘noctulucus
642 3865 671 3919 in
700 3867 837 3935 custodia',
866 3883 934 3936 quae
960 3881 1008 3934 ego
1034 3869 1091 3918 orta
1113 3880 1172 3918 esse

1 3963 2 4038 l
103 3961 176 4030 puto
195 3973 209 4010 0
229 3957 345 4028 genuina
367 3957 482 4012 lectione
501 3959 541 4012 sic
559 3959 672 4026 scripta:
697 3958 858 4028 ‘lucusjnjn'3
878 3989 912 3997 —
931 3958 1073 4011 Deforme
1093 3956 1172 4010 'lucu'

1 4043 2 4052 ¹
104 4051 175 4104 vide
194 4049 325 4103 Haasiurn
343 4051 373 4102 in
392 4049 505 4118 Reisigii
524 4051 624 4104 scholis
642 4051 657 4118 ξ
678 4051 729 4105 133
747 4067 774 4106 n.
793 4049 853 4104 243.

218 4142 244 4209 2)
263 4139 386 4210 Mueller,
405 4143 447 4195 ‘ad
466 4143 536 4194 muri
554 4141 689 4210 speciem'.

218 4233 245 4300 3)
265 4231 362 4302 Opusc.
381 4233 430 4301 ΙΠ,
450 4251 475 4303 p.
496 4235 547 4289 355
567 4251 606 4303 sq.
