<?xml version="1.0" encoding="UTF-8"?>
<!DOCTYPE html PUBLIC "-//W3C//DTD XHTML 1.0 Transitional//EN"
    "http://www.w3.org/TR/xhtml1/DTD/xhtml1-transitional.dtd">
<html xmlns="http://www.w3.org/1999/xhtml" xml:lang="en" lang="en">
 <head>
  <title>
</title>
<meta http-equiv="Content-Type" content="text/html;charset=utf-8" />
  <meta name='ocr-system' content='tesseract 3.04.00' />
  <meta name='ocr-capabilities' content='ocr_page ocr_carea ocr_par ocr_line ocrx_word'/>
</head>
<body>
  <div class='ocr_page' id='page_1' title='image "./quaestionesvarr01reitgoog_0087.png"; bbox 0 0 2908 4846; ppageno 0'>
   <div class='ocr_carea' id='block_1_1' title="bbox 807 344 847 405">
    <p class='ocr_par' dir='ltr' id='par_1_1' title="bbox 807 344 847 405">
     <span class='ocr_line' id='line_1_1' title="bbox 807 344 847 405; baseline 0.05 -2"><span class='ocrx_word' id='word_1_1' title='bbox 807 344 847 405; x_wconf 76' lang='lat'>78</span> 
     </span>
    </p>
   </div>
   <div class='ocr_carea' id='block_1_2' title="bbox 291 524 1440 3356">
    <p class='ocr_par' dir='ltr' id='par_1_2' title="bbox 291 524 1440 2366">
     <span class='ocr_line' id='line_1_2' title="bbox 291 524 1362 616; baseline -0.002 -21"><span class='ocrx_word' id='word_1_2' title='bbox 291 535 384 596; x_wconf 92' lang='lat' dir='ltr'>dicat.</span> <span class='ocrx_word' id='word_1_3' title='bbox 431 532 538 595; x_wconf 85' lang='lat' dir='ltr'>Verba</span> <span class='ocrx_word' id='word_1_4' title='bbox 561 533 659 616; x_wconf 83' lang='lat' dir='ltr'>igitur</span> <span class='ocrx_word' id='word_1_5' title='bbox 679 524 767 597; x_wconf 85' lang='lat' dir='ltr'>‘cum</span> <span class='ocrx_word' id='word_1_6' title='bbox 791 534 898 597; x_wconf 81' lang='lat' dir='ltr'>causa’</span> <span class='ocrx_word' id='word_1_7' title='bbox 931 535 964 595; x_wconf 92' lang='lat' dir='ltr'>in</span> <span class='ocrx_word' id='word_1_8' title='bbox 988 533 1048 595; x_wconf 88' lang='lat' dir='ltr'>hac</span> <span class='ocrx_word' id='word_1_9' title='bbox 1072 533 1230 594; x_wconf 90' lang='lat' dir='ltr'>sententia</span> <span class='ocrx_word' id='word_1_10' title='bbox 1252 532 1362 615; x_wconf 90' lang='lat' dir='ltr'>pluri-</span> 
     </span>
     <span class='ocr_line' id='line_1_3' title="bbox 292 641 1363 727; baseline -0.003 -22"><span class='ocrx_word' id='word_1_11' title='bbox 292 663 383 705; x_wconf 89' lang='lat' dir='ltr'>mum</span> <span class='ocrx_word' id='word_1_12' title='bbox 406 642 539 705; x_wconf 79' lang='lat' dir='ltr'>valent¹l</span> <span class='ocrx_word' id='word_1_13' title='bbox 572 648 668 724; x_wconf 88' lang='lat' dir='ltr'>atque</span> <span class='ocrx_word' id='word_1_14' title='bbox 699 644 781 706; x_wconf 89' lang='lat' dir='ltr'>idem</span> <span class='ocrx_word' id='word_1_15' title='bbox 818 646 1006 727; x_wconf 86' lang='lat' dir='ltr'>exprimunt</span> <span class='ocrx_word' id='word_1_16' title='bbox 1040 643 1124 726; x_wconf 88' lang='lat' dir='ltr'>quad</span> <span class='ocrx_word' id='word_1_17' title='bbox 1149 641 1251 703; x_wconf 87' lang='lat' dir='ltr'>Varro</span> <span class='ocrx_word' id='word_1_18' title='bbox 1276 641 1363 702; x_wconf 90' lang='lat' dir='ltr'>alibi</span> 
     </span>
     <span class='ocr_line' id='line_1_4' title="bbox 292 751 1362 836; baseline -0.001 -22"><span class='ocrx_word' id='word_1_19' title='bbox 292 754 425 816; x_wconf 83' lang='lat' dir='ltr'>rationis</span> <span class='ocrx_word' id='word_1_20' title='bbox 449 752 579 814; x_wconf 89' lang='lat' dir='ltr'>nomine</span> <span class='ocrx_word' id='word_1_21' title='bbox 603 752 768 835; x_wconf 86' lang='lat' dir='ltr'>signifieat.</span> <span class='ocrx_word' id='word_1_22' title='bbox 787 791 827 798; x_wconf 89' lang='lat'>—</span> <span class='ocrx_word' id='word_1_23' title='bbox 846 752 907 815; x_wconf 89' lang='lat' dir='ltr'>His</span> <span class='ocrx_word' id='word_1_24' title='bbox 923 753 1107 836; x_wconf 82' lang='lat' dir='ltr'>praemissis</span> <span class='ocrx_word' id='word_1_25' title='bbox 1128 751 1168 814; x_wconf 91' lang='lat' dir='ltr'>ad</span> <span class='ocrx_word' id='word_1_26' title='bbox 1192 752 1362 814; x_wconf 86' lang='lat' dir='ltr'>coniectu-</span> 
     </span>
     <span class='ocr_line' id='line_1_5' title="bbox 293 860 1363 944; baseline -0.001 -22"><span class='ocrx_word' id='word_1_27' title='bbox 293 882 344 924; x_wconf 90' lang='lat' dir='ltr'>ras</span> <span class='ocrx_word' id='word_1_28' title='bbox 377 869 481 938; x_wconf 83' lang='lat' dir='ltr'>verna,</span> <span class='ocrx_word' id='word_1_29' title='bbox 513 860 631 943; x_wconf 86' lang='lat' dir='ltr'>quibus</span> <span class='ocrx_word' id='word_1_30' title='bbox 655 869 839 944; x_wconf 86' lang='lat' dir='ltr'>corruptum</span> <span class='ocrx_word' id='word_1_31' title='bbox 866 863 953 926; x_wconf 88' lang='lat' dir='ltr'>hunc</span> <span class='ocrx_word' id='word_1_32' title='bbox 971 863 1077 924; x_wconf 88' lang='lat' dir='ltr'>locum</span> <span class='ocrx_word' id='word_1_33' title='bbox 1103 861 1248 923; x_wconf 84' lang='lat' dir='ltr'>hemines</span> <span class='ocrx_word' id='word_1_34' title='bbox 1269 860 1363 922; x_wconf 86' lang='lat' dir='ltr'>docti</span> 
     </span>
     <span class='ocr_line' id='line_1_6' title="bbox 291 969 1425 1056; baseline 0 -25"><span class='ocrx_word' id='word_1_35' title='bbox 291 969 466 1032; x_wconf 86' lang='lat' dir='ltr'>reformare</span> <span class='ocrx_word' id='word_1_36' title='bbox 501 971 702 1033; x_wconf 87' lang='lat' dir='ltr'>studuerunt.</span> <span class='ocrx_word' id='word_1_37' title='bbox 757 970 799 1033; x_wconf 84' lang='lat' dir='ltr'>Et</span> <span class='ocrx_word' id='word_1_38' title='bbox 822 971 966 1056; x_wconf 81' lang='lat' dir='ltr'>Spengel.</span> <span class='ocrx_word' id='word_1_39' title='bbox 1001 971 1172 1054; x_wconf 86' lang='lat' dir='ltr'>legendum</span> <span class='ocrx_word' id='word_1_40' title='bbox 1208 971 1364 1053; x_wconf 83' lang='lat' dir='ltr'>proponit</span> <span class='ocrx_word' id='word_1_41' title='bbox 1421 994 1425 1005; x_wconf 95' lang='lat'>·</span> 
     </span>
     <span class='ocr_line' id='line_1_7' title="bbox 294 1071 1362 1164; baseline 0 -24"><span class='ocrx_word' id='word_1_42' title='bbox 294 1079 366 1140; x_wconf 87' lang='lat' dir='ltr'>hae:</span> <span class='ocrx_word' id='word_1_43' title='bbox 393 1116 435 1124; x_wconf 88' lang='lat'>—</span> <span class='ocrx_word' id='word_1_44' title='bbox 456 1071 556 1162; x_wconf 82' lang='lat' dir='ltr'>‘quod</span> <span class='ocrx_word' id='word_1_45' title='bbox 582 1127 587 1139; x_wconf 94' lang='lat'>.</span> <span class='ocrx_word' id='word_1_46' title='bbox 612 1127 618 1139; x_wconf 94' lang='lat'>.</span> <span class='ocrx_word' id='word_1_47' title='bbox 644 1080 837 1162; x_wconf 71' lang='lat' dir='ltr'>‚pleraque</span> <span class='ocrx_word' id='word_1_48' title='bbox 871 1100 953 1164; x_wconf 88' lang='lat' dir='ltr'>quae</span> <span class='ocrx_word' id='word_1_49' title='bbox 986 1101 1059 1144; x_wconf 90' lang='lat' dir='ltr'>cum</span> <span class='ocrx_word' id='word_1_50' title='bbox 1088 1099 1184 1143; x_wconf 91' lang='lat' dir='ltr'>causa</span> <span class='ocrx_word' id='word_1_51' title='bbox 1209 1080 1362 1142; x_wconf 90' lang='lat' dir='ltr'>multitu-</span> 
     </span>
     <span class='ocr_line' id='line_1_8' title="bbox 294 1187 1362 1274; baseline 0 -26"><span class='ocrx_word' id='word_1_52' title='bbox 294 1187 391 1268; x_wconf 81' lang='lat' dir='ltr'>dinis,</span> <span class='ocrx_word' id='word_1_53' title='bbox 434 1189 650 1252; x_wconf 81' lang='lat' dir='ltr'>multitudinis</span> <span class='ocrx_word' id='word_1_54' title='bbox 689 1190 855 1254; x_wconf 88' lang='lat' dir='ltr'>vocabulis</span> <span class='ocrx_word' id='word_1_55' title='bbox 898 1193 963 1254; x_wconf 87' lang='lat' dir='ltr'>sint</span> <span class='ocrx_word' id='word_1_56' title='bbox 1005 1188 1170 1274; x_wconf 90' lang='lat' dir='ltr'>appellata&#39;</span> <span class='ocrx_word' id='word_1_57' title='bbox 1210 1190 1244 1250; x_wconf 92' lang='lat' dir='ltr'>in</span> <span class='ocrx_word' id='word_1_58' title='bbox 1290 1205 1362 1269; x_wconf 88' lang='lat' dir='ltr'>quo</span> 
     </span>
     <span class='ocr_line' id='line_1_9' title="bbox 294 1290 1364 1382; baseline 0 -24"><span class='ocrx_word' id='word_1_59' title='bbox 294 1298 432 1379; x_wconf 89' lang='lat' dir='ltr'>primum</span> <span class='ocrx_word' id='word_1_60' title='bbox 463 1290 574 1380; x_wconf 83' lang='lat' dir='ltr'>‘quod’</span> <span class='ocrx_word' id='word_1_61' title='bbox 607 1301 798 1382; x_wconf 82' lang='lat' dir='ltr'>particulam</span> <span class='ocrx_word' id='word_1_62' title='bbox 830 1302 992 1364; x_wconf 87' lang='lat' dir='ltr'>causalem</span> <span class='ocrx_word' id='word_1_63' title='bbox 1025 1319 1094 1363; x_wconf 89' lang='lat' dir='ltr'>esse</span> <span class='ocrx_word' id='word_1_64' title='bbox 1134 1303 1271 1382; x_wconf 91' lang='lat' dir='ltr'>apparet,</span> <span class='ocrx_word' id='word_1_65' title='bbox 1313 1299 1364 1359; x_wconf 89' lang='lat' dir='ltr'>ita</span> 
     </span>
     <span class='ocr_line' id='line_1_10' title="bbox 297 1403 1359 1492; baseline 0.001 -24"><span class='ocrx_word' id='word_1_66' title='bbox 297 1413 331 1468; x_wconf 91' lang='lat' dir='ltr'>ut</span> <span class='ocrx_word' id='word_1_67' title='bbox 374 1426 502 1470; x_wconf 86' lang='lat' dir='ltr'>sensum</span> <span class='ocrx_word' id='word_1_68' title='bbox 548 1429 760 1492; x_wconf 85' lang='lat' dir='ltr'>assequamur</span> <span class='ocrx_word' id='word_1_69' title='bbox 803 1410 903 1473; x_wconf 91' lang='lat' dir='ltr'>hunc:</span> <span class='ocrx_word' id='word_1_70' title='bbox 952 1403 1043 1473; x_wconf 86' lang='lat' dir='ltr'>‘Dies</span> <span class='ocrx_word' id='word_1_71' title='bbox 1089 1411 1131 1472; x_wconf 90' lang='lat' dir='ltr'>ist</span> <span class='ocrx_word' id='word_1_72' title='bbox 1178 1407 1266 1470; x_wconf 90' lang='lat' dir='ltr'>nicht</span> <span class='ocrx_word' id='word_1_73' title='bbox 1313 1427 1359 1469; x_wconf 89' lang='lat' dir='ltr'>zu</span> 
     </span>
     <span class='ocr_line' id='line_1_11' title="bbox 294 1514 1365 1602; baseline 0.002 -25"><span class='ocrx_word' id='word_1_74' title='bbox 294 1516 402 1578; x_wconf 85' lang='lat' dir='ltr'>tadeln</span> <span class='ocrx_word' id='word_1_75' title='bbox 437 1514 521 1582; x_wconf 80' lang='lat' dir='ltr'>(dass</span> <span class='ocrx_word' id='word_1_76' title='bbox 553 1517 693 1581; x_wconf 90' lang='lat' dir='ltr'>Balneae</span> <span class='ocrx_word' id='word_1_77' title='bbox 726 1520 862 1602; x_wconf 90' lang='lat' dir='ltr'>plurale,</span> <span class='ocrx_word' id='word_1_78' title='bbox 902 1520 1060 1583; x_wconf 87' lang='lat' dir='ltr'>Balneum</span> <span class='ocrx_word' id='word_1_79' title='bbox 1098 1519 1260 1602; x_wconf 83' lang='lat' dir='ltr'>singulare</span> <span class='ocrx_word' id='word_1_80' title='bbox 1294 1519 1365 1596; x_wconf 91' lang='lat' dir='ltr'>ist),</span> 
     </span>
     <span class='ocr_line' id='line_1_12' title="bbox 296 1627 1434 1712; baseline 0.002 -26"><span class='ocrx_word' id='word_1_81' title='bbox 296 1627 369 1688; x_wconf 85' lang='lat' dir='ltr'>weil</span> <span class='ocrx_word' id='word_1_82' title='bbox 402 1627 461 1690; x_wconf 90' lang='lat' dir='ltr'>die</span> <span class='ocrx_word' id='word_1_83' title='bbox 495 1629 659 1690; x_wconf 88' lang='lat' dir='ltr'>meisten</span> <span class='ocrx_word' id='word_1_84' title='bbox 691 1629 907 1711; x_wconf 89' lang='lat' dir='ltr'>pluralischen</span> <span class='ocrx_word' id='word_1_85' title='bbox 930 1629 1068 1712; x_wconf 84' lang='lat' dir='ltr'>Begriffe</span> <span class='ocrx_word' id='word_1_86' title='bbox 1097 1627 1270 1711; x_wconf 86' lang='lat' dir='ltr'>pluralisch</span> <span class='ocrx_word' id='word_1_87' title='bbox 1303 1627 1364 1689; x_wconf 91' lang='lat' dir='ltr'>be·</span> <span class='ocrx_word' id='word_1_88' title='bbox 1433 1627 1434 1640; x_wconf 60' lang='lat'><em>*</em></span> 
     </span>
     <span class='ocr_line' id='line_1_13' title="bbox 297 1736 1364 1821; baseline 0.004 -25"><span class='ocrx_word' id='word_1_89' title='bbox 297 1741 400 1797; x_wconf 89' lang='lat' dir='ltr'>nannt</span> <span class='ocrx_word' id='word_1_90' title='bbox 423 1736 514 1798; x_wconf 82' lang='lat' dir='ltr'>sind’.</span> <span class='ocrx_word' id='word_1_91' title='bbox 561 1736 665 1799; x_wconf 82' lang='lat' dir='ltr'>Varro</span> <span class='ocrx_word' id='word_1_92' title='bbox 696 1739 806 1821; x_wconf 86' lang='lat' dir='ltr'>igitur,</span> <span class='ocrx_word' id='word_1_93' title='bbox 839 1740 866 1802; x_wconf 91' lang='lat' dir='ltr'>si</span> <span class='ocrx_word' id='word_1_94' title='bbox 898 1740 1004 1801; x_wconf 87' lang='lat' dir='ltr'>laeum</span> <span class='ocrx_word' id='word_1_95' title='bbox 1028 1747 1113 1802; x_wconf 88' lang='lat' dir='ltr'>recte</span> <span class='ocrx_word' id='word_1_96' title='bbox 1135 1737 1364 1817; x_wconf 59' lang='lat' dir='ltr'>intelligimus</span> 
     </span>
     <span class='ocr_line' id='line_1_14' title="bbox 297 1840 1364 1930; baseline 0.002 -24"><span class='ocrx_word' id='word_1_97' title='bbox 297 1865 316 1906; x_wconf 90' lang='lat' dir='ltr'>a</span> <span class='ocrx_word' id='word_1_98' title='bbox 338 1845 480 1928; x_wconf 84' lang='lat' dir='ltr'>generali</span> <span class='ocrx_word' id='word_1_99' title='bbox 504 1846 542 1908; x_wconf 93' lang='lat' dir='ltr'>ad</span> <span class='ocrx_word' id='word_1_100' title='bbox 567 1847 701 1929; x_wconf 84' lang='lat' dir='ltr'>speciale</span> <span class='ocrx_word' id='word_1_101' title='bbox 726 1847 890 1911; x_wconf 86' lang='lat' dir='ltr'>descendit</span> <span class='ocrx_word' id='word_1_102' title='bbox 913 1868 989 1911; x_wconf 90' lang='lat' dir='ltr'>cum</span> <span class='ocrx_word' id='word_1_103' title='bbox 1013 1849 1109 1911; x_wconf 90' lang='lat' dir='ltr'>dicat:</span> <span class='ocrx_word' id='word_1_104' title='bbox 1132 1840 1233 1930; x_wconf 82' lang='lat' dir='ltr'>tquod</span> <span class='ocrx_word' id='word_1_105' title='bbox 1248 1845 1364 1909; x_wconf 81' lang='lat' dir='ltr'>Scalae</span> 
     </span>
     <span class='ocr_line' id='line_1_15' title="bbox 297 1953 1363 2040; baseline 0.001 -24"><span class='ocrx_word' id='word_1_106' title='bbox 297 1959 329 2016; x_wconf 88' lang='lat' dir='ltr'>et</span> <span class='ocrx_word' id='word_1_107' title='bbox 352 1954 467 2035; x_wconf 84' lang='lat' dir='ltr'>Aquae</span> <span class='ocrx_word' id='word_1_108' title='bbox 492 1953 606 2018; x_wconf 80' lang='lat' dir='ltr'>Caldae</span> <span class='ocrx_word' id='word_1_109' title='bbox 629 1957 790 2040; x_wconf 80' lang='lat' dir='ltr'>pleraque,</span> <span class='ocrx_word' id='word_1_110' title='bbox 815 1978 896 2040; x_wconf 90' lang='lat' dir='ltr'>quae</span> <span class='ocrx_word' id='word_1_111' title='bbox 921 1978 995 2021; x_wconf 90' lang='lat' dir='ltr'>cum</span> <span class='ocrx_word' id='word_1_112' title='bbox 1020 1976 1118 2020; x_wconf 88' lang='lat' dir='ltr'>eausa</span> <span class='ocrx_word' id='word_1_113' title='bbox 1141 1956 1363 2019; x_wconf 90' lang='lat' dir='ltr'>multitudinis</span> 
     </span>
     <span class='ocr_line' id='line_1_16' title="bbox 297 2063 1439 2147; baseline 0.004 -24"><span class='ocrx_word' id='word_1_114' title='bbox 297 2063 329 2140; x_wconf 75' lang='lat' dir='ltr'>(i.</span> <span class='ocrx_word' id='word_1_115' title='bbox 353 2082 377 2125; x_wconf 89' lang='lat' dir='ltr'>e.</span> <span class='ocrx_word' id='word_1_116' title='bbox 402 2065 559 2126; x_wconf 85' lang='lat' dir='ltr'>rationem</span> <span class='ocrx_word' id='word_1_117' title='bbox 583 2066 800 2132; x_wconf 86' lang='lat' dir='ltr'>multitudinis</span> <span class='ocrx_word' id='word_1_118' title='bbox 823 2070 858 2130; x_wconf 93' lang='lat' dir='ltr'>in</span> <span class='ocrx_word' id='word_1_119' title='bbox 875 2088 908 2132; x_wconf 91' lang='lat' dir='ltr'>se</span> <span class='ocrx_word' id='word_1_120' title='bbox 927 2063 1064 2147; x_wconf 89' lang='lat' dir='ltr'>habent),</span> <span class='ocrx_word' id='word_1_121' title='bbox 1087 2065 1255 2129; x_wconf 89' lang='lat' dir='ltr'>vocabulis</span> <span class='ocrx_word' id='word_1_122' title='bbox 1275 2066 1364 2128; x_wconf 89' lang='lat' dir='ltr'>mul-</span> <span class='ocrx_word' id='word_1_123' title='bbox 1438 2078 1439 2104; x_wconf 41' lang='lat' dir='ltr'><strong>ff</strong></span> 
     </span>
     <span class='ocr_line' id='line_1_17' title="bbox 298 2172 1440 2259; baseline 0.003 -26"><span class='ocrx_word' id='word_1_124' title='bbox 298 2172 446 2235; x_wconf 86' lang='lat' dir='ltr'>titudinis</span> <span class='ocrx_word' id='word_1_125' title='bbox 470 2175 533 2236; x_wconf 90' lang='lat' dir='ltr'>sint</span> <span class='ocrx_word' id='word_1_126' title='bbox 557 2176 721 2258; x_wconf 84' lang='lat' dir='ltr'>appellata,</span> <span class='ocrx_word' id='word_1_127' title='bbox 744 2179 816 2241; x_wconf 88' lang='lat' dir='ltr'>ideo</span> <span class='ocrx_word' id='word_1_128' title='bbox 839 2177 1027 2241; x_wconf 86' lang='lat' dir='ltr'>balnearum</span> <span class='ocrx_word' id='word_1_129' title='bbox 1050 2195 1179 2259; x_wconf 89' lang='lat' dir='ltr'>quoque</span> <span class='ocrx_word' id='word_1_130' title='bbox 1195 2177 1361 2238; x_wconf 88' lang='lat' dir='ltr'>notionem</span> <span class='ocrx_word' id='word_1_131' title='bbox 1439 2186 1440 2192; x_wconf 77' lang='grc'>’</span> 
     </span>
     <span class='ocr_line' id='line_1_18' title="bbox 299 2282 670 2366; baseline 0.011 -23"><span class='ocrx_word' id='word_1_132' title='bbox 299 2283 344 2344; x_wconf 92' lang='lat' dir='ltr'>ita</span> <span class='ocrx_word' id='word_1_133' title='bbox 367 2282 557 2366; x_wconf 82' lang='lat' dir='ltr'>appellatam</span> <span class='ocrx_word' id='word_1_134' title='bbox 583 2285 670 2349; x_wconf 87' lang='lat' dir='ltr'>esse&#39;.</span> 
     </span>
    </p>

    <p class='ocr_par' dir='ltr' id='par_1_3' title="bbox 300 2393 1369 3356">
     <span class='ocr_line' id='line_1_19' title="bbox 406 2393 1363 2478; baseline 0.003 -24"><span class='ocrx_word' id='word_1_135' title='bbox 406 2394 451 2455; x_wconf 84' lang='lat' dir='ltr'>At</span> <span class='ocrx_word' id='word_1_136' title='bbox 474 2395 618 2458; x_wconf 89' lang='lat' dir='ltr'>nondum</span> <span class='ocrx_word' id='word_1_137' title='bbox 643 2397 815 2478; x_wconf 85' lang='lat' dir='ltr'>explicavit</span> <span class='ocrx_word' id='word_1_138' title='bbox 838 2400 946 2459; x_wconf 85' lang='lat' dir='ltr'>noster</span> <span class='ocrx_word' id='word_1_139' title='bbox 970 2396 1113 2460; x_wconf 72' lang='lat' dir='ltr'>‘causam</span> <span class='ocrx_word' id='word_1_140' title='bbox 1132 2393 1363 2458; x_wconf 87' lang='lat' dir='ltr'>multitudinis’</span> 
     </span>
     <span class='ocr_line' id='line_1_20' title="bbox 300 2496 1364 2588; baseline 0.001 -24"><span class='ocrx_word' id='word_1_141' title='bbox 300 2522 407 2585; x_wconf 90' lang='lat' dir='ltr'>neque</span> <span class='ocrx_word' id='word_1_142' title='bbox 430 2504 464 2564; x_wconf 90' lang='lat' dir='ltr'>in</span> <span class='ocrx_word' id='word_1_143' title='bbox 480 2496 643 2567; x_wconf 77' lang='lat' dir='ltr'>‘Balneae’</span> <span class='ocrx_word' id='word_1_144' title='bbox 668 2524 772 2588; x_wconf 88' lang='lat' dir='ltr'>neque</span> <span class='ocrx_word' id='word_1_145' title='bbox 788 2507 822 2568; x_wconf 92' lang='lat' dir='ltr'>in</span> <span class='ocrx_word' id='word_1_146' title='bbox 839 2507 901 2568; x_wconf 88' lang='lat' dir='ltr'>alio</span> <span class='ocrx_word' id='word_1_147' title='bbox 918 2507 983 2569; x_wconf 89' lang='lat' dir='ltr'>ullo</span> <span class='ocrx_word' id='word_1_148' title='bbox 999 2505 1156 2569; x_wconf 84' lang='lat' dir='ltr'>vacabulo</span> <span class='ocrx_word' id='word_1_149' title='bbox 1179 2509 1226 2588; x_wconf 88' lang='lat' dir='ltr'>(ut</span> <span class='ocrx_word' id='word_1_150' title='bbox 1241 2503 1364 2583; x_wconf 83' lang='lat' dir='ltr'>Scalae,</span> 
     </span>
     <span class='ocr_line' id='line_1_21' title="bbox 301 2605 1364 2698; baseline 0 -24"><span class='ocrx_word' id='word_1_151' title='bbox 301 2613 440 2694; x_wconf 80' lang='lat' dir='ltr'>Aquael:</span> <span class='ocrx_word' id='word_1_152' title='bbox 473 2615 582 2695; x_wconf 89' lang='lat' dir='ltr'>itaque</span> <span class='ocrx_word' id='word_1_153' title='bbox 618 2615 702 2697; x_wconf 91' lang='lat' dir='ltr'>quod</span> <span class='ocrx_word' id='word_1_154' title='bbox 736 2616 783 2678; x_wconf 90' lang='lat' dir='ltr'>illi</span> <span class='ocrx_word' id='word_1_155' title='bbox 807 2621 917 2679; x_wconf 87' lang='lat' dir='ltr'>eontra</span> <span class='ocrx_word' id='word_1_156' title='bbox 940 2617 1118 2698; x_wconf 83' lang='lat' dir='ltr'>analogiam</span> <span class='ocrx_word' id='word_1_157' title='bbox 1142 2615 1253 2677; x_wconf 89' lang='lat' dir='ltr'>dicunt</span> <span class='ocrx_word' id='word_1_158' title='bbox 1273 2605 1364 2675; x_wconf 82' lang='lat' dir='ltr'>tBal-</span> 
     </span>
     <span class='ocr_line' id='line_1_22' title="bbox 301 2718 1364 2808; baseline -0.001 -24"><span class='ocrx_word' id='word_1_159' title='bbox 301 2741 437 2786; x_wconf 86' lang='lat' dir='ltr'>naarum</span> <span class='ocrx_word' id='word_1_160' title='bbox 472 2721 664 2787; x_wconf 87' lang='lat' dir='ltr'>vocabulum</span> <span class='ocrx_word' id='word_1_161' title='bbox 695 2726 830 2808; x_wconf 83' lang='lat' dir='ltr'>plurale,</span> <span class='ocrx_word' id='word_1_162' title='bbox 859 2718 1043 2788; x_wconf 80' lang='lat' dir='ltr'>‘Balneum’</span> <span class='ocrx_word' id='word_1_163' title='bbox 1077 2743 1146 2788; x_wconf 88' lang='lat' dir='ltr'>essa</span> <span class='ocrx_word' id='word_1_164' title='bbox 1176 2721 1364 2805; x_wconf 63' lang='lat' dir='ltr'>singulare,</span> 
     </span>
     <span class='ocr_line' id='line_1_23' title="bbox 301 2833 1366 2920; baseline 0.001 -27"><span class='ocrx_word' id='word_1_165' title='bbox 301 2850 367 2894; x_wconf 88' lang='lat' dir='ltr'>non</span> <span class='ocrx_word' id='word_1_166' title='bbox 399 2833 445 2895; x_wconf 87' lang='lat' dir='ltr'>ita</span> <span class='ocrx_word' id='word_1_167' title='bbox 475 2833 613 2897; x_wconf 85' lang='lat' dir='ltr'>refutare</span> <span class='ocrx_word' id='word_1_168' title='bbox 643 2839 747 2915; x_wconf 89' lang='lat' dir='ltr'>potest</span> <span class='ocrx_word' id='word_1_169' title='bbox 779 2840 817 2897; x_wconf 90' lang='lat' dir='ltr'>ut</span> <span class='ocrx_word' id='word_1_170' title='bbox 851 2835 1023 2920; x_wconf 72' lang='lat' dir='ltr'>pleraque,</span> <span class='ocrx_word' id='word_1_171' title='bbox 1057 2853 1139 2916; x_wconf 90' lang='lat' dir='ltr'>quae</span> <span class='ocrx_word' id='word_1_172' title='bbox 1167 2853 1241 2896; x_wconf 90' lang='lat' dir='ltr'>cum</span> <span class='ocrx_word' id='word_1_173' title='bbox 1265 2852 1366 2895; x_wconf 89' lang='lat' dir='ltr'>causa</span> 
     </span>
     <span class='ocr_line' id='line_1_24' title="bbox 302 2941 1369 3026; baseline 0 -23"><span class='ocrx_word' id='word_1_174' title='bbox 302 2941 531 3018; x_wconf 86' lang='lat' dir='ltr'>multitudinis,</span> <span class='ocrx_word' id='word_1_175' title='bbox 567 2943 782 3008; x_wconf 90' lang='lat' dir='ltr'>multitudinis</span> <span class='ocrx_word' id='word_1_176' title='bbox 806 2945 974 3008; x_wconf 89' lang='lat' dir='ltr'>vocabulis</span> <span class='ocrx_word' id='word_1_177' title='bbox 1007 2963 1077 3006; x_wconf 87' lang='lat' dir='ltr'>esse</span> <span class='ocrx_word' id='word_1_178' title='bbox 1108 2941 1273 3026; x_wconf 84' lang='lat' dir='ltr'>appellata&#39;</span> <span class='ocrx_word' id='word_1_179' title='bbox 1298 2961 1369 3004; x_wconf 86' lang='lat' dir='ltr'>res—</span> 
     </span>
     <span class='ocr_line' id='line_1_25' title="bbox 302 3051 1368 3138; baseline -0.002 -25"><span class='ocrx_word' id='word_1_180' title='bbox 302 3051 449 3133; x_wconf 81' lang='lat' dir='ltr'>pondeat.</span> <span class='ocrx_word' id='word_1_181' title='bbox 495 3052 598 3114; x_wconf 88' lang='lat' dir='ltr'>lmmo</span> <span class='ocrx_word' id='word_1_182' title='bbox 623 3060 654 3116; x_wconf 93' lang='lat' dir='ltr'>et</span> <span class='ocrx_word' id='word_1_183' title='bbox 676 3057 799 3119; x_wconf 88' lang='lat' dir='ltr'>ratione</span> <span class='ocrx_word' id='word_1_184' title='bbox 822 3057 892 3138; x_wconf 91' lang='lat' dir='ltr'>ipsa</span> <span class='ocrx_word' id='word_1_185' title='bbox 906 3055 1081 3137; x_wconf 83' lang='lat' dir='ltr'>requiritur</span> <span class='ocrx_word' id='word_1_186' title='bbox 1104 3058 1135 3116; x_wconf 92' lang='lat' dir='ltr'>et</span> <span class='ocrx_word' id='word_1_187' title='bbox 1159 3071 1200 3114; x_wconf 84' lang='lat' dir='ltr'>ex</span> <span class='ocrx_word' id='word_1_188' title='bbox 1216 3052 1256 3113; x_wconf 90' lang='lat' dir='ltr'>iis</span> <span class='ocrx_word' id='word_1_189' title='bbox 1281 3069 1368 3132; x_wconf 90' lang='lat' dir='ltr'>quae</span> 
     </span>
     <span class='ocr_line' id='line_1_26' title="bbox 302 3158 1367 3246; baseline -0.004 -22"><span class='ocrx_word' id='word_1_190' title='bbox 302 3158 510 3244; x_wconf 83' lang='lat' dir='ltr'>sequuntur2)</span> <span class='ocrx_word' id='word_1_191' title='bbox 534 3163 741 3227; x_wconf 87' lang='lat' dir='ltr'>manifestum</span> <span class='ocrx_word' id='word_1_192' title='bbox 765 3170 822 3246; x_wconf 90' lang='lat' dir='ltr'>est,</span> <span class='ocrx_word' id='word_1_193' title='bbox 846 3165 1024 3228; x_wconf 87' lang='lat' dir='ltr'>Varronem</span> <span class='ocrx_word' id='word_1_194' title='bbox 1047 3180 1237 3245; x_wconf 82' lang='lat' dir='ltr'>responstun</span> <span class='ocrx_word' id='word_1_195' title='bbox 1266 3178 1367 3222; x_wconf 88' lang='lat' dir='ltr'>suum</span> 
     </span>
     <span class='ocr_line' id='line_1_27' title="bbox 303 3269 1365 3356; baseline -0.004 -24"><span class='ocrx_word' id='word_1_196' title='bbox 303 3271 399 3353; x_wconf 85' lang='lat' dir='ltr'>longe</span> <span class='ocrx_word' id='word_1_197' title='bbox 442 3271 504 3334; x_wconf 87' lang='lat' dir='ltr'>alia</span> <span class='ocrx_word' id='word_1_198' title='bbox 547 3272 719 3335; x_wconf 85' lang='lat' dir='ltr'>verborum</span> <span class='ocrx_word' id='word_1_199' title='bbox 763 3275 1013 3337; x_wconf 83' lang='lat' dir='ltr'>conformatione</span> <span class='ocrx_word' id='word_1_200' title='bbox 1054 3271 1242 3356; x_wconf 90' lang='lat' dir='ltr'>protulisse,</span> <span class='ocrx_word' id='word_1_201' title='bbox 1288 3269 1365 3330; x_wconf 88' lang='lat' dir='ltr'>hac:</span> 
     </span>
    </p>
   </div>
   <div class='ocr_carea' id='block_1_3' title="bbox 302 3371 1371 3466">
    <p class='ocr_par' dir='ltr' id='par_1_4' title="bbox 302 3371 1371 3466">
     <span class='ocr_line' id='line_1_28' title="bbox 302 3371 1371 3466; baseline -0.006 -23"><span class='ocrx_word' id='word_1_202' title='bbox 302 3378 440 3454; x_wconf 78' lang='lat' dir='ltr'>‘Quibus</span> <span class='ocrx_word' id='word_1_203' title='bbox 471 3371 654 3464; x_wconf 82' lang='lat' dir='ltr'>responderi</span> <span class='ocrx_word' id='word_1_204' title='bbox 694 3388 810 3466; x_wconf 89' lang='lat' dir='ltr'>potest,</span> <span class='ocrx_word' id='word_1_205' title='bbox 857 3403 922 3447; x_wconf 87' lang='lat' dir='ltr'>non</span> <span class='ocrx_word' id='word_1_206' title='bbox 955 3400 1025 3445; x_wconf 88' lang='lat' dir='ltr'>esse</span> <span class='ocrx_word' id='word_1_207' title='bbox 1056 3378 1371 3462; x_wconf 88' lang='lat' dir='ltr'>reprehendendum,</span> 
     </span>
    </p>
   </div>
   <div class='ocr_carea' id='block_1_4' title="bbox 413 3686 1370 3777">
    <p class='ocr_par' dir='ltr' id='par_1_5' title="bbox 413 3686 1370 3777">
     <span class='ocr_line' id='line_1_29' title="bbox 413 3686 1370 3777; baseline -0.008 -15"><span class='ocrx_word' id='word_1_208' title='bbox 413 3710 439 3777; x_wconf 87' lang='lat'>1)</span> <span class='ocrx_word' id='word_1_209' title='bbox 457 3709 585 3763; x_wconf 80' lang='lat' dir='ltr'>Perverse</span> <span class='ocrx_word' id='word_1_210' title='bbox 605 3709 634 3765; x_wconf 92' lang='lat' dir='ltr'>O.</span> <span class='ocrx_word' id='word_1_211' title='bbox 654 3709 774 3764; x_wconf 87' lang='lat' dir='ltr'>Mueller.</span> <span class='ocrx_word' id='word_1_212' title='bbox 798 3711 864 3763; x_wconf 85' lang='lat' dir='ltr'>haee</span> <span class='ocrx_word' id='word_1_213' title='bbox 889 3709 973 3762; x_wconf 85' lang='lat' dir='ltr'>verba</span> <span class='ocrx_word' id='word_1_214' title='bbox 995 3706 1112 3774; x_wconf 82' lang='lat' dir='ltr'>sustulit,</span> <span class='ocrx_word' id='word_1_215' title='bbox 1144 3705 1215 3773; x_wconf 87' lang='lat' dir='ltr'>quod</span> <span class='ocrx_word' id='word_1_216' title='bbox 1239 3686 1312 3772; x_wconf 82' lang='lat' dir='ltr'>‘quid</span> <span class='ocrx_word' id='word_1_217' title='bbox 1333 3702 1370 3755; x_wconf 88' lang='lat' dir='ltr'>iis</span> 
     </span>
    </p>
   </div>
   <div class='ocr_carea' id='block_1_5' title="bbox 219 3795 1367 3870">
    <p class='ocr_par' dir='ltr' id='par_1_6' title="bbox 219 3795 1367 3870">
     <span class='ocr_line' id='line_1_30' title="bbox 219 3795 1367 3870; baseline -0.007 -15"><span class='ocrx_word' id='word_1_218' title='bbox 219 3826 221 3834; x_wconf 26' lang='grc' dir='ltr'><em>ι</em></span> <span class='ocrx_word' id='word_1_219' title='bbox 305 3805 407 3860; x_wconf 82' lang='lat' dir='ltr'>faceret</span> <span class='ocrx_word' id='word_1_220' title='bbox 418 3818 471 3855; x_wconf 90' lang='lat' dir='ltr'>non</span> <span class='ocrx_word' id='word_1_221' title='bbox 484 3801 655 3870; x_wconf 70' lang='lat' dir='ltr'>reperiebat,</span> <span class='ocrx_word' id='word_1_222' title='bbox 674 3818 723 3854; x_wconf 92' lang='lat' dir='ltr'>nec</span> <span class='ocrx_word' id='word_1_223' title='bbox 737 3800 826 3852; x_wconf 86' lang='lat' dir='ltr'>minus</span> <span class='ocrx_word' id='word_1_224' title='bbox 838 3799 904 3853; x_wconf 86' lang='lat' dir='ltr'>ialse</span> <span class='ocrx_word' id='word_1_225' title='bbox 918 3799 1061 3853; x_wconf 84' lang='lat' dir='ltr'>Madvicus</span> <span class='ocrx_word' id='word_1_226' title='bbox 1075 3797 1190 3850; x_wconf 82' lang='lat' dir='ltr'>mutavit</span> <span class='ocrx_word' id='word_1_227' title='bbox 1201 3795 1218 3847; x_wconf 89' lang='lat' dir='ltr'>l.</span> <span class='ocrx_word' id='word_1_228' title='bbox 1233 3812 1255 3854; x_wconf 84' lang='lat' dir='ltr'>e.</span> <span class='ocrx_word' id='word_1_229' title='bbox 1270 3811 1294 3862; x_wconf 92' lang='lat' dir='ltr'>p.</span> <span class='ocrx_word' id='word_1_230' title='bbox 1306 3795 1367 3848; x_wconf 76' lang='lat'>177.</span> 
     </span>
    </p>
   </div>
   <div class='ocr_carea' id='block_1_6' title="bbox 306 3883 1370 4241">
    <p class='ocr_par' dir='ltr' id='par_1_7' title="bbox 306 3883 1370 4241">
     <span class='ocr_line' id='line_1_31' title="bbox 412 3883 1370 3964; baseline -0.011 -15"><span class='ocrx_word' id='word_1_231' title='bbox 412 3898 439 3964; x_wconf 84' lang='lat'>2)</span> <span class='ocrx_word' id='word_1_232' title='bbox 457 3896 489 3947; x_wconf 91' lang='lat' dir='ltr'>ln</span> <span class='ocrx_word' id='word_1_233' title='bbox 516 3894 560 3946; x_wconf 92' lang='lat' dir='ltr'>his</span> <span class='ocrx_word' id='word_1_234' title='bbox 587 3893 658 3947; x_wconf 90' lang='lat' dir='ltr'>enim</span> <span class='ocrx_word' id='word_1_235' title='bbox 678 3892 763 3946; x_wconf 88' lang='lat' dir='ltr'>Varro</span> <span class='ocrx_word' id='word_1_236' title='bbox 782 3892 934 3945; x_wconf 84' lang='lat' dir='ltr'>accuratius</span> <span class='ocrx_word' id='word_1_237' title='bbox 952 3889 1070 3959; x_wconf 86' lang='lat' dir='ltr'>explicat</span> <span class='ocrx_word' id='word_1_238' title='bbox 1094 3903 1212 3955; x_wconf 87' lang='lat' dir='ltr'>eausam,</span> <span class='ocrx_word' id='word_1_239' title='bbox 1240 3902 1288 3939; x_wconf 80' lang='lat' dir='ltr'>ctu</span> <span class='ocrx_word' id='word_1_240' title='bbox 1305 3883 1370 3938; x_wconf 87' lang='lat' dir='ltr'>illae</span> 
     </span>
     <span class='ocr_line' id='line_1_32' title="bbox 306 3976 1370 4056; baseline -0.012 -16"><span class='ocrx_word' id='word_1_241' title='bbox 306 3987 425 4056; x_wconf 86' lang='lat' dir='ltr'>plurales</span> <span class='ocrx_word' id='word_1_242' title='bbox 446 3985 567 4041; x_wconf 88' lang='lat' dir='ltr'>notiones</span> <span class='ocrx_word' id='word_1_243' title='bbox 592 3984 729 4038; x_wconf 82' lang='lat' dir='ltr'>vocabulis</span> <span class='ocrx_word' id='word_1_244' title='bbox 760 3983 940 4038; x_wconf 89' lang='lat' dir='ltr'>multitudinis</span> <span class='ocrx_word' id='word_1_245' title='bbox 971 3980 1119 4052; x_wconf 85' lang='lat' dir='ltr'>appellatae</span> <span class='ocrx_word' id='word_1_246' title='bbox 1144 3977 1211 4035; x_wconf 87' lang='lat' dir='ltr'>sint:</span> <span class='ocrx_word' id='word_1_247' title='bbox 1242 3976 1370 4039; x_wconf 83' lang='lat' dir='ltr'>Balneae,</span> 
     </span>
     <span class='ocr_line' id='line_1_33' title="bbox 309 4067 1369 4146; baseline -0.015 -13"><span class='ocrx_word' id='word_1_248' title='bbox 309 4077 411 4142; x_wconf 81' lang='lat' dir='ltr'>Scalae,</span> <span class='ocrx_word' id='word_1_249' title='bbox 431 4080 531 4146; x_wconf 74' lang='lat' dir='ltr'>Aquae,</span> <span class='ocrx_word' id='word_1_250' title='bbox 550 4077 656 4132; x_wconf 78' lang='lat' dir='ltr'>Caldae.</span> <span class='ocrx_word' id='word_1_251' title='bbox 693 4077 840 4146; x_wconf 84' lang='lat' dir='ltr'>Exspectas</span> <span class='ocrx_word' id='word_1_252' title='bbox 859 4073 943 4142; x_wconf 84' lang='lat' dir='ltr'>igitur</span> <span class='ocrx_word' id='word_1_253' title='bbox 966 4076 1026 4144; x_wconf 89' lang='lat' dir='ltr'>post</span> <span class='ocrx_word' id='word_1_254' title='bbox 1048 4069 1208 4127; x_wconf 85' lang='lat' dir='ltr'>vocabulum</span> <span class='ocrx_word' id='word_1_255' title='bbox 1229 4067 1369 4121; x_wconf 76' lang='lat' dir='ltr'>‘Primum&#39;</span> 
     </span>
     <span class='ocr_line' id='line_1_34' title="bbox 307 4169 729 4241; baseline 0 -16"><span class='ocrx_word' id='word_1_256' title='bbox 307 4169 466 4241; x_wconf 81' lang='lat' dir='ltr'>particulam</span> <span class='ocrx_word' id='word_1_257' title='bbox 486 4186 554 4239; x_wconf 86' lang='lat' dir='ltr'>quae</span> <span class='ocrx_word' id='word_1_258' title='bbox 573 4173 614 4223; x_wconf 85' lang='lat' dir='ltr'>eat</span> <span class='ocrx_word' id='word_1_259' title='bbox 632 4169 729 4225; x_wconf 69' lang='lat' dir='ltr'>‘enim&#39;.</span> 
     </span>
    </p>
   </div>
   <div class='ocr_carea' id='block_1_7' title="bbox 0 0 1477 4836">
    <p class='ocr_par' dir='ltr' id='par_1_8' title="bbox 0 0 1477 4836">
     <span class='ocr_line' id='line_1_35' title="bbox 0 0 1477 4836; baseline 0 0"><span class='ocrx_word' id='word_1_260' title='bbox 0 0 1477 4836; x_wconf 95' lang='lat' dir='ltr'> </span> 
     </span>
    </p>
   </div>
  </div>
 </body>
</html>
