2908 4846
657 354 696 415 81

146 545 283 607 servatis
316 544 429 606 ceteris
461 543 588 625 scripsit
608 534 661 604 ‘ab
685 544 800 625 hisque
824 542 993 624 quaestor’,
1026 543 1109 625 quod
1133 563 1212 606 num

143 659 233 716 recte
265 653 438 715 coniecerit
468 654 501 713 in
534 651 631 714 dubio
657 657 713 714 est.
761 652 893 714 Veteres
923 653 1051 733 quidem
1077 653 1213 716 editores

145 764 270 844 aliquot
293 760 449 842 syllabam
472 753 556 823 ‘con'
582 761 777 824 deleverunt.

255 866 408 933 Eiusdem
426 870 574 933 Muelleri
592 872 795 933 coniecturae
815 870 893 932 baec
909 869 1066 952 particula
1079 869 1213 933 debetur

144 977 203 1058 VI,
229 979 314 1060 §alb
338 1000 367 1061 p.
390 980 468 1058 2253
495 999 591 1062 quem
615 981 721 1042 locum
743 979 932 1061 Spengelius
957 997 973 1040 e
997 978 1105 1041 codice
1129 977 1210 1042 Mor.

145 1088 192 1149 sio
218 1087 317 1150 dedit:
344 1087 541 1152 ‘Meminisse
565 1110 583 1151 a
606 1091 760 1151 memoria
793 1108 890 1170 quom
918 1087 951 1148 id
976 1086 1061 1169 quod
1085 1105 1210 1149 reman-

144 1197 187 1258 sit
216 1197 248 1257 in
278 1203 385 1261 mente
412 1199 447 1260 in
475 1199 508 1260 id
534 1199 617 1280 quod
642 1218 755 1262 rursus
779 1202 940 1274 movetur3
977 1214 1061 1278 quae
1095 1215 1113 1257 a
1144 1216 1212 1259 ma-

144 1306 254 1367 nando
278 1293 323 1369 ut
338 1307 548 1370 Maniomoria
571 1313 675 1391 potest
699 1327 767 1369 esse
792 1306 898 1385 dicta’3
923 1312 1031 1368 tamen
1048 1303 1146 1366 verba
1166 1305 1211 1367 ‘in

143 1415 178 1476 id
205 1415 300 1496 quod’
324 1435 364 1479 ex
388 1416 654 1499 praecedentibus
679 1421 753 1477 nata
786 1417 966 1499 suspicatus
992 1415 1084 1477 uncis
1107 1415 1211 1476 inclu-

144 1526 223 1604 sit.¹)
281 1525 386 1588 Aliter
424 1528 510 1589 hunc
550 1527 657 1588 locum
698 1524 874 1588 Muellerus
913 1525 1012 1587 edidit
1050 1523 1209 1586 scribens:

146 1633 195 1678 ‘-
226 1655 323 1716 quom
349 1636 426 1717 quid
450 1636 603 1698 rema-nsit
635 1637 668 1696 in
706 1641 812 1698 mente
845 1634 984 1716 indeque
1007 1654 1120 1697 rursus
1144 1653 1211 1696 mo-

144 1751 257 1822 vetur;
283 1765 365 1827 quae
389 1765 407 1806 a
430 1746 589 1808 manendo
615 1751 651 1807 ut
675 1746 867 1807 manimoria
894 1749 997 1826 potest
1021 1763 1090 1807 esse
1108 1743 1209 1806 dicta)

254 1854 343 1917 Belle
369 1855 499 1936 quidem
525 1855 706 1917 coniectum
731 1860 762 1916 et
786 1855 813 1916 si
838 1872 970 1917 sensum
993 1855 1067 1916 etsi
1085 1853 1211 1916 dicendi

142 1983 250 2047 genus
275 1971 469 2046 spectamus3
506 1984 563 2048 ego
600 1964 681 2026 nibil
715 1963 816 2025 habeo
852 1962 938 2045 quod
964 1967 1074 2024 contra
1098 1963 1210 2041 dicam,

143 2091 208 2134 nec
231 2077 338 2135 tamen
363 2073 469 2135 statim
487 2073 527 2136 ad
543 2074 626 2135 hanc
646 2073 828 2155 opinionem
846 2072 969 2134 accedo.
1015 2071 1086 2134 Hoc
1106 2091 1211 2134 unum

143 2181 323 2244 Muellerus
349 2183 461 2263 utique
477 2189 562 2246 recte
581 2183 696 2245 fecisse
712 2182 792 2244 mihi
808 2181 946 2260 videtur,
970 2182 1055 2262 quod
1074 2181 1211 2244 verbum

144 2289 243 2352 ‘inde'
277 2291 310 2351 in
344 2297 496 2353 contextu
530 2293 685 2372 reposuit;
718 2298 857 2354 ceterum
888 2290 967 2352 alias
989 2289 1137 2352 medendi
1162 2309 1210 2351 ra-

142 2400 249 2461 tiones
273 2419 337 2460 non
363 2402 472 2463 minus
496 2401 584 2463 lenes
609 2401 761 2463 adhibere
783 2400 867 2474 licet,
889 2398 991 2460 veluti
1014 2399 1097 2460 hanc
1114 2418 1212 2480 quam

144 2527 205 2590 ego
229 2527 385 2590 propono:
424 2507 475 2552 ‘—
502 2529 599 2591 quom
636 2511 677 2590 id,
713 2510 799 2592 quod
833 2509 988 2571 remansit
1022 2509 1056 2568 in
1095 2512 1211 2586 mente,

141 2617 220 2678 inde
243 2633 360 2679 rursus
384 2616 581 2700 movetur.’2)

253 2725 292 2805 V,
316 2726 334 2807 ξ
354 2727 425 2806 143,
450 2748 477 2809 p.
498 2728 559 2788 145
592 2730 627 2789 in
651 2729 759 2790 codice
788 2727 870 2790 Flor.
893 2728 1046 2810 legimus:
1084 2724 1209 2810 ³(orbis)

146 2837 204 2917 qui
230 2835 317 2918 quod
341 2840 409 2898 erat
432 2841 503 2917 post
530 2857 668 2917 morum,
701 2835 936 2899 Postmoerium
969 2837 1092 2899 dictum
1126 2837 1211 2898 eius-

144 2963 211 3025 que
234 2947 376 3027 auspicia
400 2944 523 3007 urbana
546 2944 715 3008 finiuntur’
750 2966 813 3028 qua
842 2948 876 3007 in
907 2947 1044 3009 lectione
1074 2944 1210 3007 verbum

147 3052 305 3134 ‘eiusque'
330 3055 491 3117 maximae
515 3060 562 3118 est
586 3055 762 3118 offensioni.
811 3055 924 3137 ltaque
952 3055 1082 3137 vulgata
1116 3054 1211 3116 lectio

146 3181 245 3244 quam
269 3164 416 3244 sequitur
438 3162 637 3247 Spengelius
660 3173 731 3247 post
755 3164 887 3227 verbum
914 3163 1070 3245 ‘eiusque’
1098 3183 1211 3226 vocem

147 3270 295 3334 ‘ambitu’
320 3272 467 3351 collocat3
492 3273 669 3337 Muellerus
693 3272 870 3337 eTurnebi
894 3274 1076 3337 coniectura
1099 3273 1210 3335 scribit

148 3379 237 3455 ‘eius
262 3381 351 3463 quo':
378 3383 463 3465 quod
486 3385 530 3446 ita
554 3383 798 3465 intelligendum
823 3389 879 3462 est,
913 3388 949 3444 ut
969 3373 1062 3445 ‘eius’
1095 3381 1211 3446 urbem

148 3489 314 3571 significet
341 3511 422 3573 quae
437 3493 641 3575 praecedenti
658 3493 816 3554 sententia
829 3497 1102 3554 commemoratur.
1138 3489 1210 3574 Ego

146 3599 181 3659 in
206 3598 362 3681 ‘eiusque’
387 3601 484 3663 verbo
509 3621 685 3683 pronomen
708 3602 878 3664 relativum
913 3601 1097 3664 delitescere
1120 3605 1211 3662 ratos

254 3810 280 3878 1)
300 3809 358 3864 Hoc
376 3811 470 3878 probat
488 3811 685 3866 Wilmannsius
703 3813 720 3865 l.
735 3830 757 3866 e.
770 3830 795 3881 p.
809 3813 852 3865 43.

253 3902 279 3970 2)
299 3901 363 3956 Sive
382 3905 453 3954 enim
473 3903 555 3956 verba
574 3906 721 3972 quaesunt
741 3904 777 3956 ‘id
796 3894 873 3972 quod'
895 3905 1031 3972 tamquam
1050 3901 1119 3955 male
1131 3918 1208 3969 repe-

145 3992 198 4044 tita
216 4009 249 4044 ex
268 3994 488 4061 praecedentibus
508 3995 588 4064 deles,
609 3986 652 4047 ‘in'
673 4011 738 4049 vero
752 3994 898 4064 particulae
910 3994 968 4048 loco
980 3994 1101 4048 restituis
1119 3989 1207 4060 ‘inde'‚

146 4082 207 4136 sive
227 4085 314 4152 ‘quod'
335 4085 420 4140 solum
449 4086 574 4141 iteratum
602 4087 739 4140 existimas
759 4089 786 4139 et
803 4086 886 4140 verba
906 4085 943 4138 ‘in
961 4086 997 4139 id'
1017 4089 1165 4140 commutas
1178 4085 1208 4137 in

144 4175 235 4242 unda,
254 4176 349 4244 utique
368 4178 505 4233 lenissimo
524 4181 550 4232 te
568 4195 648 4232 usum
667 4193 725 4232 esse
744 4178 860 4232 remedio
879 4194 957 4232 nemo
976 4177 1091 4248 negabit.

996 4281 1012 4334 6
