2908 4846
15 3516 16 3561 l

80 3643 118 3707 de
154 3649 256 3711 rumis
291 3649 440 3740 vocabuli
471 3652 557 3734 apud
591 3653 742 3734 antiquos
770 3650 1011 3733 significatione.
1057 3649 1139 3713 Tum

596 396 637 459 95

13 625 15 686 q
81 583 165 645 nibil
195 584 229 645 in
263 583 379 645 tradita
411 582 547 645 lectione
583 582 791 663 desideratur,
823 590 860 647 ut
892 603 970 648 sane
994 605 1141 667 magnam

80 691 232 756 Muelleri
255 691 422 754 libidinem
445 693 607 755 miremur.

189 800 279 897 VlIL
311 800 394 882 §21
428 822 459 884 p.
484 801 548 863 406
581 802 616 862 in
648 799 832 865 Florentino
864 803 973 866 codice
1005 803 1144 886 legimus

13 883 14 934 ³
80 910 176 974 haec:
199 903 266 973 ‘Sic
281 915 347 974 tres
363 930 437 974 cum
454 915 602 974 emerunt
617 909 735 994 Ephesi
751 913 897 995 singulos
921 931 1040 988 servoS,
1064 930 1145 974 non·

82 1038 266 1101 numquam
290 1021 372 1083 alius
396 1020 535 1083 declinat
559 1039 677 1083 nomen
701 1021 740 1084 ab
764 1041 801 1085 eo
826 1023 882 1105 qui
906 1018 1051 1101 venditu
1083 1019 1144 1081 Ar-

13 1197 14 1200 *
78 1129 269 1210 temidorus‚
292 1135 387 1212 atque
403 1131 643 1194 Artemidorum
664 1129 818 1213 appellat'.
853 1128 964 1193 Codex
978 1109 1145 1192 Hav’nien-

80 1239 128 1300 sis
152 1237 282 1301 exhibet
301 1230 413 1322 ‘atque
429 1240 594 1303 Artemam
618 1239 776 1323 appellat’,
799 1240 884 1303 unde
904 1238 937 1302 Ο.
955 1238 992 1304 Ο.
1009 1239 1143 1302 Muelle-

79 1366 140 1410 rus
172 1347 292 1430 colligit
324 1347 530 1412 scribendum
561 1367 644 1412 esse:
676 1341 787 1432 ‘atque
810 1350 1052 1413 Artemidorum
1076 1349 1143 1412 sive

79 1461 250 1519 Artemam
274 1457 429 1541 appellat'.
477 1456 580 1532 Quam
601 1461 816 1522 coniecturam
833 1461 909 1530 satis
932 1458 1033 1532 habeo
1058 1476 1143 1522 com-

80 1585 286 1648 memorasse,
309 1568 448 1631 refutare
471 1586 536 1630 non
561 1589 641 1652 opus
665 1576 721 1632 est.

190 1675 253 1739 Sed
288 1677 326 1740 de
361 1675 411 1740 his
445 1675 535 1742 libris
571 1681 646 1742 satie
682 1679 839 1756 diximus3
875 1680 910 1740 in
946 1677 1079 1760 quibus,'
1107 1682 1144 1739 ut

79 1804 245 1848 summam
267 1786 434 1867 famame,
464 1789 524 1849 tria
556 1793 666 1851 extant
690 1794 776 1850 certa
797 1787 972 1870 particulae
996 1787 1143 1869 exempla

82 1891 127 1974 X,
155 1894 232 1974 §58
255 1916 284 1978 p.
303 1897 381 1969 5783
407 1895 482 1977 VH,
506 1895 584 1977 §44
606 1918 635 1981 p.
655 1895 736 1975 3303
761 1896 801 1977 V,
824 1893 902 1980 §59
926 1916 955 1978 p.
973 1895 1035 1977 64),
1059 1913 1143 1977 quae

79 2005 192 2066 omnia
214 2003 385 2068 formulam
407 2006 563 2089 praebent
583 2000 664 2071 ‘eive
688 2043 731 2051 -
755 2006 841 2072 sive’.

191 2111 296 2188 Quam
319 2116 453 2181 eandem
485 2117 656 2180 formulam
679 2119 714 2179 in
736 2117 828 2181 libris
860 2115 899 2179 de
922 2135 945 2177 r.
969 2135 993 2176 r.
1016 2113 1143 2176 inveni-

79 2241 154 2285 mus
189 2222 232 2305 ΙΙ,
263 2225 331 2307 t,3;
368 2233 401 2290 at
424 2229 479 2309 qui
503 2231 551 2290 est
572 2227 664 2290 locus
699 2226 848 2308 11‚1,22
885 2227 941 2308 qui
974 2223 1072 2305 vulgo
1097 2223 1143 2284 sic

79 2331 213 2415 legitur:
235 2325 306 2416 ‘qui
330 2338 398 2400 sive
422 2355 464 2399 ex
488 2342 578 2400 aestu
602 2339 669 2400 sive
693 2337 842 2400 elaboro
869 2336 991 2400 febrem
1013 2333 1142 2397 habent⁷

81 2460 156 2505 eum
182 2445 295 2526 utique
318 2445 359 2508 ad
375 2445 525 2509 Politia-ni
548 2447 717 2510 lectionem
733 2447 952 2510 revocandum
976 2464 1046 2509 esse
1069 2463 1143 2508 oen·

79 2570 134 2615 seo
156 2544 229 2634 ‘qui
251 2554 361 2618 labore
383 2556 505 2619 febrem
528 2552 690 2622 nabent’.2)

188 2661 327 2746 Reliqua
357 2665 456 2728 huius
487 2666 661 2749 particulae
689 2667 837 2750 exempla
868 2672 944 2730 sunt
974 2667 1065 2728 haec:
1101 2663 1143 2744 ΙΙ,

83 2770 134 2848 11,
149 2771 184 2849 5;
209 2770 267 2852 ΙΠ,
293 2773 320 2853 7,
334 2775 366 2834 5:
405 2779 579 2858 utrumque
602 2776 810 2839 vehementer
833 2774 1023 2858 ambiguum
1046 2779 1142 2856 atque

79 2879 314 2944 addubitatum.
361 2882 421 2945 Ille
444 2884 529 2946 enim
554 2884 644 2948 locus
659 2885 799 2948 traditus
816 2890 863 2948 est
886 2885 945 2947 sic:
968 2876 1142 2948 ‘Mammae

14 2999 15 3026 ³
79 2991 168 3052 enim
191 2993 293 3054 rumis
315 2991 383 3054 sive
406 2994 571 3056 ruminare
601 2999 635 3056 ut
657 2997 786 3078 antiqui
809 2993 966 3072 dicebant,
989 3014 1008 3058 a
1030 2993 1140 3073 rumi’;

79 3098 178 3181 vulgo
201 3098 320 3182 legitur
342 3101 400 3163 sic:
435 3093 606 3165 ‘mammae
630 3104 716 3166 enim
739 3105 841 3167 rumis
865 3104 933 3166 sive
955 3122 1075 3184 numae,
1104 3109 1142 3168 ut

78 3209 205 3289 antiqui
229 3209 387 3285 dicebant,
412 3230 430 3272 a
453 3209 556 3274 rumi’.
602 3213 650 3275 Ac
673 3214 812 3296 primurn
848 3211 974 3277 offendo
1008 3215 1041 3280 in
1069 3235 1141 3297 par-

79 3317 180 3380 ticula
199 3311 292 3382 ‘sive'
315 3319 344 3382 h.
360 3319 380 3382 l.
397 3321 443 3382 ita
464 3321 575 3402 posita,
599 3327 635 3385 ut
651 3323 755 3386 valeat
775 3315 892 3401 ‘veluit
917 3321 1031 3384 deinde
1050 3321 1141 3384 locus

81 3429 136 3507 qui
161 3435 210 3491 est
242 3428 285 3511 ΙΙ,
310 3429 339 3506 1,
354 3427 394 3491 20
427 3419 584 3516 (antiquo
609 3480 615 3493 .
640 3482 647 3496 .
673 3431 827 3495 vocabulo
862 3451 1003 3496 mamma·
1029 3431 1142 3512 rumia

80 3537 115 3603 ul
140 3537 289 3622 opinor’),
323 3540 503 3606 Varronem
526 3545 612 3604 vetat
634 3542 689 3604 illo
712 3543 781 3605 loco
817 3561 883 3604 non
912 3540 1048 3605 dubium
1072 3559 1141 3604 esse

80 3771 156 3816 vero
189 3775 297 3820 nonne
329 3759 474 3841 ineptum
510 3779 547 3823 ac
580 3781 712 3843 prorsus
740 3760 914 3824 ridiculum
939 3765 987 3824 est
1018 3760 1136 3822 dicere:

15 3865 16 3870 ’
76 3850 191 3927 ‘rumis
215 3885 233 3927 a
256 3865 374 3929 rumi’?
420 3867 534 3952 ltaque
553 3876 738 3953 corruptum
756 3889 826 3934 esse
842 3871 951 3933 locum
965 3867 1017 3931 vel
1032 3868 1139 3950 potius

16 4375 18 4458 l

186 4021 212 4086 1)
230 4015 373 4076 ‘Vendidit’
394 4026 516 4093 proponit
534 4027 562 4081 C.
582 4027 610 4082 ll.
629 4027 672 4081 W.
692 4027 812 4081 Mueller.
832 4027 861 4079 in
881 4041 966 4094 progr.
987 4042 1010 4093 p.
1031 4025 1071 4079 23.
1192 4049 1197 4054 ·

185 4114 212 4176 2)
232 4111 290 4196 Hoc
307 4115 457 4200 idem-vult
475 4117 613 4172 Zahlleldt.
632 4119 650 4172 l.
669 4137 691 4173 c.
711 4137 734 4187 p.
754 4120 796 4174 20.

187 4207 213 4271 'l
233 4203 284 4258 Clr.
304 4204 332 4260 C.
352 4206 443 4266 R‘W.
464 4207 584 4262 Mueller.
605 4209 622 4263 l.
642 4227 663 4264 o.
682 4227 707 4278 p.
727 4213 769 4265 22.
