2908 4846
616 402 656 466 93

101 614 165 678 pro
199 586 300 674 ‘sive',
337 592 386 678 (nt
416 585 505 655 ‘neu’
540 612 597 675 pro
629 585 745 671 ‘neve’t
782 593 867 672 aliud
892 591 1071 656 Varronem
1106 612 1172 654 non

101 705 241 788 legitur3
267 705 382 766 deinde
405 704 465 765 hoc
488 704 679 785 gravissimo
704 701 851 765 blnelleri
873 700 1015 764 remedio
1039 702 1174 764 minimo

104 833 192 896 opus
217 818 273 876 cst.
321 811 406 887 Quid
431 813 538 876 enlm?
577 811 693 874 Nonne
727 811 847 874 leniore
882 811 942 872 hac
977 811 1173 873 correctione

100 916 303 1006 ‘Argiletum
328 927 404 985 sunt
428 924 483 1004 qui
507 923 705 1004 scripserunt
733 920 773 984 ab
796 920 875 1002 Argi
899 920 971 999 leto,
1002 919 1087 1001 quod
1105 968 1111 980 .
1129 969 1135 982 .
1155 918 1172 980 .⁷

106 1052 196 1115 (luae
231 1039 393 1115 praetcrea
422 1031 557 1114 Vergilii
590 1030 739 1094 versibus
775 1031 830 1113 qui
866 1033 942 1092 sunt
977 1029 1056 1092 Aen.
1081 1028 1173 1109 VIII,

108 1143 177 1204 345
201 1140 277 1223 sq.1)
300 1142 417 1224 optime
442 1141 693 1222 commendatur,
722 1141 970 1223 pulcherrimam
1002 1137 1172 1201 lectionem

106 1251 312 1333 traditaeque
336 1251 509 1312 admodum
534 1251 669 1313 similem
694 1270 766 1312 sum
790 1248 977 1312 assecutus?

221 1359 292 1437 VII,
330 1362 347 1441 ξ
378 1359 422 1421 44
455 1381 484 1442 p.
507 1361 569 1422 330
605 1359 699 1422 lectio
735 1364 784 1422 est
819 1357 963 1420 codicum
999 1358 1089 1420 haec:

323 1461 375 1530 ‘ld
397 1468 533 1532 Tutulus
564 1468 739 1551 appellatus
767 1468 805 1530 ab
827 1460 871 1531 ¹eo
896 1467 982 1550 quod
1008 1517 1013 1528 .
1038 1517 1043 1528 .
1068 1467 1174 1528 crines

273 1627 279 1640 .
306 1627 312 1639 .
337 1577 526 1640 dicebantur
548 1578 646 1640 tutuli
664 1600 669 1640 :
688 1580 755 1641 sivo
778 1577 817 1640 ab
842 1597 878 1640 eo
903 1577 989 1660 quod
1010 1576 1043 1638 id
1063 1575 1175 1638 tuendi

275 1707 371 1750 causa
400 1687 505 1769 capilli
527 1687 624 1750 fiebat
647 1688 714 1750 sive
738 1687 777 1749 ab
801 1706 837 1749 eo
863 1687 947 1768 quod
973 1735 978 1748 .
1003 1736 1009 1749 .
1034 1686 1051 1748 .’

109 1798 153 1859 de
188 1817 252 1880 qna
286 1797 421 1859 lectione
456 1817 550 1862 nemo
585 1817 732 1878 unquam
761 1795 928 1859 dubitavit.
975 1795 1043 1858 Nec
1066 1797 1175 1858 minus

109 1912 201 1969 certa
228 1912 275 1969 est
302 1906 363 1969 loci
396 1907 453 1988 qui
475 1911 524 1969 est
546 1905 589 1986 X,
613 1907 631 1986 ξ
657 1907 697 1968 58
721 1927 749 1988 p.
775 1907 838 1968 578
863 1906 956 1969 lectio
980 1906 1072 1970 haec:
1106 1897 1175 1968 ‘ad-

110 2034 270 2078 sumere.
297 2065 303 2077 .
327 2015 446 2098 figuras
481 2035 535 2078 eas
572 2035 655 2097 quac
690 2035 755 2078 non
791 2021 884 2078 erunt
912 2017 1083 2097 ambiguae
1108 2017 1174 2078 sive

112 2124 296 2206 singulares
322 2125 389 2186 sive
412 2125 650 2188 multitudinis’.
1004 2123 1009 2133 '

222 2234 267 2296 At
289 2234 342 2297 nu
367 2237 423 2316 qui
447 2241 495 2298 est
517 2234 591 2310 vn,
615 2235 632 2314 a
659 2234 699 2296 79
722 2255 751 2316 p.
771 2231 834 2296 aas
857 2226 889 2296 ‘a
913 2212 1176 2314 consciscenda)

114 2342 332 2405 Conb'cinium
368 2345 435 2406 sive
469 2350 505 2407 nt
529 2343 655 2426 Opilius
679 2343 796 2424 scribit
831 2344 870 2406 ab
906 2364 942 2407 ec
979 2363 1075 2426 quom
1100 2363 1175 2405 con-

113 2454 277 2515 ticuerunt
292 2453 448 2516 homines'
466 2455 626 2516 maximae
642 2459 690 2517 est
705 2455 880 2517 offensioni.
918 2451 1049 2516 Primus
1069 2462 1176 2541 antem

113 2564 151 2624 in
174 2581 210 2624 eo
236 2562 367 2624 offendit
390 2561 421 2624 C.
445 2561 477 2624 F.
502 2563 552 2625 W.
569 2563 746 2628 Muellerus
770 2584 843 2628 oum
868 2561 991 2644 dicatt3)
1038 2563 1115 2626 Dies
1133 2565 1176 2626 ist

115 2675 133 2734 d
141 2675 169 2734 ie
193 2674 316 2754 einmge
333 2671 438 2751 Stelle,
462 2692 511 2734 wo
536 2673 603 2735 sive
621 2697 659 2730 :
677 2673 752 2736 oder
774 2674 958 2738 iiborliefert
980 2675 1030 2735 ist.
1061 2671 1175 2735 Hierin
1198 2738 1199 2742 ,

116 2803 208 2846 muss
236 2783 263 2861 l)
299 2781 459 2844 entweder
490 2781 731 2844 Conticiscendo
764 2783 864 2846 falsch
900 2785 984 2860 seim
1022 2783 1106 2845 denn
1142 2801 1177 2844 es

118 2897 204 2954 ware
227 2891 398 2953 l'doherlich
421 2891 525 2954 neben
551 2892 607 2954 der
630 2894 723 2954 einen
740 2891 943 2975 Etymologie
960 2890 1176 2954 Conticinium

118 3019 183 3064 von
208 2998 420 3064 Conticiscere
450 3001 531 3063 noch
567 3002 614 3064 als
641 3003 752 3064 aweite
786 3000 1001 3064 anzufiihren:
1039 3000 1115 3062 oder
1139 3049 1177 3062 ..

118 3112 231 3190 daron,
257 3111 330 3174 dass
354 3110 441 3173 daun
466 3111 516 3173 dle
532 3110 708 3174 Menschen
724 3115 918 3172 verstummt
942 3111 1022 3172 sind.
1071 3108 1105 3193 2)
1130 3109 1177 3171 Ist

117 3220 192 3284 Sive
215 3221 340 3302 richttg,
374 3239 409 3282 so
440 3219 606 3282 verbindet
635 3238 668 3282 cs
693 3221 777 3282 auch
799 3221 869 3282 hier
892 3204 980 3282 nicht
1003 3220 1082 3282 zwei
1106 3238 1177 3282 rer-

118 3330 286 3394 schiedene
320 3330 514 3393 Ausdriicke
547 3329 601 3392 fiir
636 3329 775 3392 dieselbe
807 3329 917 3393 Sache.
974 3328 1177 3394 Vermutlich

117 3442 159 3504 ist
181 3458 215 3502 es
239 3439 314 3502 'aber
337 3439 425 3502 nicht
447 3440 571 3522 rIchtig‚
594 3422 788 3520 uenigstens
811 3438 992 3520 gebraucht
1014 3439 1118 3500 Varro
1141 3439 1176 3499 in

119 3551 190 3614 dem
225 3548 376 3632 htiufigen
401 3547 496 3629 Falle,
531 3549 662 3618 dasscr
684 3548 828 3611 mehrere
851 3548 1095 3632 Etymologieen
1120 3569 1177 3610 zu-

117 3678 262 3724 sammen
287 3659 379 3739 stellt‚
402 3660 455 3720 nie
480 3660 529 3721 ein
555 3657 714 3720 einfaohes
735 3659 813 3738 sive,
838 3658 978 3721 sondern
1002 3679 1034 3721 u.
1054 3679 1080 3719 a.
1105 3658 1179 3736 nisiy

117 3771 176 3832 mit
200 3768 272 3831 dem
296 3770 364 3831 sive
387 3767 483 3830 leicbt
505 3767 714 3831 verwechselt
737 3767 866 3830 werden
889 3769 1017 3832 konnte.

194 3899 226 3904 ....
238 3900 270 3903 -..
294 3900 326 3904 ,-.

226 3946 252 4016 1)
270 3942 328 4001 ‘nec
347 3962 400 3998 non
419 3949 445 3999 et
464 3946 534 3999 sacri
552 3947 683 4000 monstrat
700 3961 795 3999 nemus
813 3946 928 4014 Argileti

271 4039 444 4108 Testaturque
462 4039 549 4092 locum
569 4039 596 4090 ct
613 4037 696 4090 letum
716 4038 792 4092 docet
810 4039 925 4108 hospitis
944 4039 1026 4109 Argi‘.

224 4130 253 4199 2)
272 4132 329 4184 cod.
349 4130 377 4184 F.
396 4125 593 4184 ‘confiscend0².

224 4223 250 4287 3)
268 4223 299 4276 In
320 4238 406 4292 progr.
424 4223 442 4279 l.
462 4239 485 4281 c.
504 4241 529 4291 p.
549 4222 590 4276 23.
