2888 4854
775 326 815 389 36

265 531 326 576 one
349 513 422 575 illae
447 511 530 575 duae
554 512 713 595 simplices
744 514 911 576 inchoatae
934 513 1099 596 analogiae
1123 561 1129 573 .
1155 561 1160 574 .
1187 513 1205 576 .‘
1251 511 1335 576 Par-

265 621 363 686 ticula
387 615 525 684 ‘etenim’
549 640 629 683 num
652 628 737 686 recte
761 642 795 686 se
819 621 936 686 habeat
960 641 1047 685 unus
1070 621 1196 685 dubitat
1216 621 1332 685 dardi-

264 731 390 794 nandus
424 729 583 794 Handius.
629 731 662 794 Is
695 733 781 794 enim
815 731 1003 813 ‘Varronis’,
1034 732 1149 815 inquit,
1181 730 1230 793 ‘de
1262 731 1281 792 l.
1309 732 1331 793 l.

263 860 352 903 unus
375 843 424 906 cst
446 838 546 921 locus,
567 842 602 903 in
627 861 691 924 qno
717 840 856 905 ‘etenim'
881 847 1026 924 usurpat,
1059 841 1116 905 sed
1144 841 1237 904 valde
1262 861 1334 903 am-

265 949 394 1032 biguus,
417 950 481 1012 nisi
504 951 638 1032 copulae
661 951 784 1014 tribuas
808 952 961 1014 maiorem
985 949 1097 1016 vim'.1l

371 1057 506 1142 Copiosa
529 1061 629 1142 igitur
651 1065 760 1124 nostra
784 1060 822 1123 de
846 1080 912 1124 usu
928 1061 1026 1125 huius
1042 1060 1216 1143 particulae
1233 1078 1333 1141 quac-

264 1169 368 1230 stione
400 1169 486 1232 idem
519 1171 657 1233 assecuti
689 1189 812 1250 sumus
847 1170 933 1251 quod
964 1172 1015 1232 vir
1048 1170 1194 1252 egregius
1218 1169 1332 1251 paucis

263 1276 371 1340 verbis
396 1284 631 1341 commemorat.
678 1279 746 1342 Nos
776 1298 852 1342 vero
885 1279 1016 1360 longius
1049 1277 1210 1360 progressi
1242 1277 1272 1338 h.
1305 1277 1328 1339 l.

263 1406 329 1449 non
355 1387 458 1450 ‘valde
483 1388 687 1470 ambiguam,
711 1389 769 1451 sed
789 1394 874 1451 certo
899 1392 1080 1468 corruptam
1098 1405 1166 1449 esse
1189 1388 1331 1469 particu-

264 1497 327 1559 lam
353 1497 530 1576 credimus;
556 1517 632 1560 nam
657 1498 743 1578 (prod
758 1497 908 1560 Handius
933 1497 972 1560 de
996 1497 1127 1578 copulae
1151 1497 1271 1558 maiore
1294 1497 1330 1557 vi

265 1604 362 1686 addit,
392 1606 425 1669 id
457 1606 496 1669 de
519 1605 635 1668 Plauto
668 1624 728 1668 nec
760 1625 826 1669 non
854 1604 1001 1669 Terentio
1038 1606 1142 1668 dicere
1174 1605 1255 1685 licet,
1289 1605 1330 1666 de

265 1721 375 1780 nostro
409 1736 616 1799 nequaquam
653 1715 749 1777 licere
782 1715 876 1778 nobis
904 1711 1158 1797 persuasimus&
1211 1713 1329 1794 Itaque

265 1845 339 1888 cum
373 1826 515 1889 remedio
548 1843 628 1906 opus
659 1841 728 1887 csse
760 1824 918 1900 videatur,
952 1827 979 1888 si
1016 1843 1097 1906 quae
1132 1823 1328 1904 praecedunt

264 1934 364 1998 verba
387 1936 649 2016 contemplamur,
673 1952 739 1996 non
762 1933 827 2012 illa,
851 1953 932 2015 quae
955 1935 1102 2016 proxime
1126 1933 1253 1996 adstant
1277 1931 1327 1994 ‘de

265 2063 404 2126 quorum
428 2044 574 2127 analogia
597 2073 640 2088 ...
665 2044 871 2125 scripserunt'
905 2044 961 2106 sed
997 2044 1083 2122 hacc,
1116 2061 1198 2124 quae
1230 2041 1326 2122 paulo

265 2159 338 2217 ante
362 2153 514 2218 ‘Tertium
545 2173 649 2236 genus
682 2158 730 2215 cst
760 2151 841 2214 illud
865 2152 986 2235 duplex
1009 2190 1052 2196 —
1076 2154 1108 2214 in
1135 2171 1198 2232 quo
1223 2157 1326 2213 atres

263 2270 294 2328 et
316 2283 412 2327 voces
436 2263 583 2326 similiter
615 2281 672 2344 pro
705 2263 850 2344 portione
875 2261 1045 2339 dicuntur',
1074 2259 1168 2324 nobis
1191 2279 1247 2342 pro
1272 2259 1326 2322 ‘et-

263 2373 360 2436 enim'
392 2373 455 2454 legi
488 2373 591 2454 placet
615 2371 757 2452 ‘itaque'3
795 2390 876 2452 quae
900 2371 1059 2452 particula
1082 2375 1113 2432 et
1136 2369 1229 2431 facile
1253 2387 1324 2430 curn

261 2483 317 2544 illa
339 2483 459 2545 mutari
482 2483 587 2564 potuit
610 2486 640 2544 et
663 2481 746 2542 bone
770 2499 804 2542 se
828 2478 924 2542 habet
947 2481 981 2541 in
1001 2499 1129 2542 conexu
1146 2476 1324 2541 verborum.

367 2590 437 2652 lam
462 2609 544 2672 quae
567 2591 642 2656 libri
665 2591 703 2652 de
727 2608 751 2650 r.
775 2609 799 2650 r.
824 2589 998 2652 ostendunt
1021 2586 1169 2671 exempla
1198 2593 1233 2652 ut
1257 2608 1325 2671 per-

263 2718 420 2780 censeam,
449 2719 465 2762 e
488 2701 591 2783 primo
613 2699 696 2762 libro
719 2698 820 2762 habeo
844 2700 936 2762 haec:
962 2697 1066 2780 4,3;³l
1098 2695 1196 2779 4,4.4)
1243 2700 1322 2779 59,‘2

263 2809 306 2871 ‘in
325 2829 388 2890 quo
409 2807 465 2892 (=
482 2807 682 2892 oporotheca)
706 2809 802 2870 etiam
828 2808 959 2889 quidam
982 2809 1161 2870 triclinium
1185 2812 1323 2870 sternere

261 2919 363 2981 solent
386 2917 524 2982 cenandi
549 2935 654 2978 causa.
700 2916 830 2980 Etenim
852 2915 913 2992 inl)
946 2918 1063 2999 quibus
1097 2918 1228 2979 luxuria
1252 2937 1323 2980 con·

196 3023 199 3027 ’
260 3027 391 3089 cesserit
413 3028 508 3089 utin
532 3026 736 3108 pinacothece
760 3025 879 3089 faciant
903 3064 954 3107 —,
987 3047 1045 3090 cur
1068 3046 1131 3090 non
1159 3027 1246 3107 quod
1269 3047 1322 3089 na·

369 3221 394 3289 1)
413 3221 488 3276 Turs,
508 3220 560 3280 rol,
580 3222 615 3274 ΙΙ.
634 3237 659 3288 p.
680 3223 740 3274 543.

366 3312 392 3379 2)
412 3313 493 3379 Apud
517 3312 645 3365 Plautum
672 3311 833 3379 particulam
860 3307 949 3365 ‘onim'
978 3313 1084 3366 omnino
1113 3329 1225 3381 semper,
1254 3313 1322 3381 opud

259 3401 410 3454 Terentium
439 3405 586 3458 maximam
614 3407 717 3472 partem
746 3419 804 3456 esse
831 3404 1028 3471 affirmativam,
1057 3405 1153 3457 Petms
1172 3404 1321 3472 Langcnius

260 3494 378 3548 ostendit
395 3495 424 3547 in
442 3495 519 3563 libre,
548 3496 592 3549 cui
611 3495 748 3563 inscripsit
772 3491 905 3564 ‘Beitrttga
924 3511 972 3546 zur·
991 3495 1081 3548 llritik
1100 3495 1155 3547 und
1174 3494 1322 3562 Erlliirung

260 3586 306 3638 des
319 3585 438 3639 Plautus'
459 3586 493 3655 (a,
508 3589 587 3657 1880)
607 3605 632 3656 p.
646 3591 698 3643 262
711 3603 768 3656 sqq.
806 3589 884 3656 Apud
900 3589 1021 3641 nostrum
1041 3602 1148 3654 semper
1165 3586 1320 3654 explicando

259 3677 374 3730 inseruit
392 3694 423 3732 ac
442 3679 470 3730 vi
489 3695 539 3733 sua
557 3680 666 3747 propria
683 3679 712 3732 in
732 3680 877 3748 composito
896 3675 1012 3732 ‘etenirn'
1033 3678 1134 3746 privari
1157 3694 1209 3731 non
1228 3679 1320 3743 potest,

366 3770 393 3838 3)
413 3771 460 3825 cfr.
479 3771 568 3825 Hand.
587 3771 604 3824 l.
624 3788 647 3837 c,
666 3771 700 3823 ΙΙ.
721 3788 745 3838 p.
766 3772 826 3826 541.

366 3863 392 3930 4)
413 3863 459 3916 cfr.
479 3862 567 3917 Hand.
587 3861 604 3916 l.
624 3878 647 3916 c.
666 3862 701 3917 Il.
720 3880 745 3930 p.
766 3864 826 3918 542.

366 3955 392 4022 5)
410 3953 463 4007 Pro
482 3949 526 4006 ‘in'
546 3957 651 4008 veteres
680 3955 812 4023 quaedam
830 3955 960 4008 editiones
979 3952 1073 4022 legunt
1095 3947 1129 4005 ‘si
1147 3951 1184 4018 ii',
1214 3951 1319 4004 caedem

259 4041 307 4096 'ut'
327 4044 485 4114 particulam
503 4047 609 4100 mutant
626 4046 654 4098 in
674 4047 727 4099 ‘id'.
748 4047 833 4100 llihi
852 4046 939 4114 placet
967 4044 1007 4100 ‘si'
1028 4043 1186 4112 praesertim
1215 4045 1319 4111 proptor

257 4135 286 4189 id
305 4137 375 4204 quod
396 4136 518 4204 sequitur
537 4153 681 4204 pronomen
700 4135 824 4206 ¹quibus'.
