2888 4854
629 398 670 460 37

114 586 190 644 tura
225 579 335 644 datum
369 585 503 644 utantur
533 582 568 646 in
598 588 828 648 venustate..
855 584 1057 667 pomorum?’
1082 583 1188 648 -In

110 690 197 754 libro
221 689 262 756 ΙΙ.
288 710 452 773 nusquam
474 692 630 775 particula
655 693 796 756 admissa
821 699 877 775 est,
910 699 1020 757 contra
1047 695 1081 756 in
1105 694 1187 757 libro

110 802 207 864 tertio
230 801 282 862 his
296 801 389 863 locis:
416 801 444 882 1,
458 802 491 880 2;
519 800 638 882 16,13;
667 801 716 883 17,
730 803 762 881 8;
789 803 850 884 8,3
876 801 952 877 1Ἃ(1
973 804 1187 888 saginandum

118 911 394 994 appositissimum
418 914 545 992 tempus
569 911 694 974 circiter
717 930 863 976 messem.
910 911 1040 976 Etenim
1069 918 1187 976 matres

116 1038 229 1082 eorum
253 1023 332 1082 tuno
356 1020 494 1102 optimae
518 1027 603 1101 sunt,
625 1013 709 1084 ‘cum
732 1021 814 1103 pulli
843 1021 974 1104 plurimi
996 1022 1187 1105 gignuntur,

116 1129 175 1210 qui
200 1127 238 1190 ad
261 1127 416 1191 farturem
441 1128 609 1193 meliores’.
656 1128 705 1193 De
730 1111 871 1193 ‘eteniin'
895 1132 930 1192 in
947 1132 1076 1212 optimis
1092 1130 1184 1194 libris

115 1243 263 1300 constare
287 1237 424 1318 videtur,
449 1237 631 1301 diviserunt
653 1239 843 1322 particulam
864 1240 900 1300 in
925 1239 967 1303 ‘et
991 1239 1089 1303 enim'
1113 1240 1185 1322 plu-

115 1347 218 1410 rimae
250 1351 376 1410 veteres
408 1347 573 1410 editiones.
619 1346 688 1430 Ego
723 1348 802 1430 quid
832 1347 892 1412 sibi
922 1348 975 1411 hic
999 1349 1085 1430 velit,
1120 1368 1187 1412 non

115 1457 226 1536 vide03
253 1457 291 1520 de
315 1457 516 1540 expediendo
539 1457 610 1520 loco
635 1459 777 1520 incertus
801 1458 956 1528 haesito.¹)

226 1565 332 1637 ssuaro
361 1566 519 1649 particula
550 1565 691 1629 Varroni
720 1568 757 1629 in
786 1565 878 1630 libris
908 1566 947 1630 de
978 1588 1003 1630 r.
1028 1588 1052 1629 r.
1085 1568 1188 1630 multo

116 1676 228 1738 minus
251 1676 373 1758 placuit
397 1696 495 1758 quam
517 1677 552 1738 in
575 1675 639 1739 illis
664 1695 746 1758 quos
769 1674 808 1738 de
831 1676 851 1738 l.
874 1677 894 1738 l.
929 1678 1103 1740 memoriae
1126 1682 1189 1740 tra-

120 1785 209 1847 didit.
255 1783 341 1847 Nam
373 1786 409 1847 in
444 1785 494 1848 his
530 1785 657 1848 circiter
679 1783 807 1846 LXXV
840 1785 903 1848 loci
938 1805 1009 1849 eam
1043 1806 1120 1870 prae
1156 1806 1190 1851 se

119 1894 237 1975 ferunt,
260 1895 295 1956 in
317 1894 383 1957 illis
404 1895 431 1957 si
451 1894 607 1958 editiones
627 1872 802 1976 sequimur,
827 1893 917 1958 XIV.
963 1895 1047 1960 Sane
1062 1897 1190 1976 mirum,

123 2005 280 2085 quoniam
302 2003 472 2086 vulgarem
496 2023 566 2067 esse
590 2008 696 2088 (atque
728 2003 767 2066 ab
797 2005 915 2086 optimo
941 2024 1072 2088 quoqne
1094 2009 1192 2088 poeta

121 2115 269 2193 vitatam)
301 2113 384 2186 hano
415 2111 594 2176 Mauricius
628 2111 792 2195 Hauptius
831 2114 865 2174 in
902 2110 1192 2177 Observationibus

122 2220 272 2308 criticis2)
297 2222 540 2285 demonstravit.
586 2222 701 2304 ltaque
724 2222 825 2285 inhis
842 2222 921 2284 der.
938 2242 962 2284 r.
985 2222 1084 2304 libris,
1108 2242 1191 2306 quos

120 2334 217 2417 plane
240 2332 367 2416 vulgari
390 2332 411 2396 1.
438 2351 463 2395 e.
488 2332 642 2394 familiari
666 2330 805 2394 dictione
829 2334 1018 2415 composuit,
1045 2330 1148 2395 Varro
1174 2352 1192 2394 a

123 2442 310 2523 quotidiano
347 2460 497 2504 sermone
532 2460 598 2503 non
632 2441 804 2504 recessisse
839 2441 917 2504 mibi
951 2441 1092 2521 ridetur3
1133 2459 1191 2524 ego

123 2551 255 2632 quidem
290 2550 373 2613 hanc
407 2549 446 2612 ob
475 2569 607 2614 causam
643 2551 753 2613 minus
786 2551 876 2613 illam
911 2550 1087 2613 adhibitam
1121 2568 1192 2613 esse

121 2661 281 2741 existimo,
316 2659 415 2741 quod¹
442 2678 529 2723 mere
563 2661 668 2743 logica
701 2666 750 2723 est
785 2680 822 2722 ac
854 2662 957 2744 magis
982 2660 1192 2742 disputationi

121 2789 220 2851 quam
244 2770 384 2832 sermoni
409 2770 657 2833 accommodata.
696 2768 764 2832 Nec
780 2789 856 2832 vero
873 2789 951 2833 casu
972 2768 1092 2832 factum
1112 2787 1191 2849 6666,

118 2883 156 2940 ut
189 2879 293 2941 rarius
327 2878 362 2939 in
394 2877 445 2940 his
479 2877 572 2942 libris
595 2879 731 2962 legatur,
768 2875 867 2942 im'mo
902 2879 1058 2962 paulatim
1088 2897 1124 2940 ac
1149 2877 1189 2940 de

119 2986 281 3050 industria
305 2991 453 3050 nostrum
477 2987 516 3050 ab
540 2989 600 3050 hac
622 2989 780 3071 particula
804 2988 948 3070 deficere,
970 2987 1047 3051 inde
1066 2987 1188 3067 videas,

120 3096 208 3177 quod
241 3098 276 3158 in
311 3097 415 3179 primo
451 3096 490 3159 de
517 3118 541 3159 r.
564 3117 589 3159 r.
617 3097 699 3160 libro
726 3097 801 3174 VII,
837 3099 871 3160 in
907 3097 1048 3160 secundo
1075 3095 1115 3177 V,
1152 3097 1188 3157 in

119 3207 214 3268 tertio
237 3205 272 3267 ΙΙ
294 3205 443 3287 exempla
467 3205 594 3269 obviam
617 3203 738 3291 fiunt3)

229 3473 253 3534 l)
272 3469 306 3523 In
324 3470 482 3541 fragmentis
499 3471 615 3524 occurrit
633 3469 765 3539 particula
782 3470 838 3524 his:
858 3471 911 3526 Sat.
926 3469 996 3526 Men.
1016 3488 1042 3539 p.
1058 3472 1119 3539 163,
1138 3443 1193 3525 22ἱ

119 3579 145 3630 p.
165 3561 226 3628 212,
246 3563 306 3616 564.
343 3563 473 3631 Logistor.
502 3563 554 3632 (ap.
574 3560 659 3630 Ries.)
686 3577 711 3628 p.
732 3561 793 3630 251,
814 3564 855 3616 33.
893 3563 985 3630 Antiq.
1014 3579 1065 3620 rer.
1090 3562 1145 3615 div.
1171 3561 1193 3614 l.

122 3671 145 3710 c.
163 3670 190 3722 p.
212 3654 271 3708 1116.

110 3814 113 3817 ¹
227 3748 244 3800 2
274 3762 300 3813 p.
320 3747 353 3802 12
372 3762 411 3814 sq.
434 3767 462 3793 :
485 3745 583 3814 Opusc.
602 3744 624 3800 I.
644 3761 669 3812 p.
688 3743 725 3797 84
744 3761 783 3814 sq.

227 3837 257 3907 3)
275 3837 400 3892 Forsitan
419 3837 519 3891 dixerit
538 3836 644 3904 aliquis,
672 3832 774 3904 ‘quare'
804 3837 833 3890 in
860 3837 939 3890 libris
958 3837 991 3890 de
1010 3837 1027 3890 l.
1045 3835 1064 3890 l.
1084 3835 1192 3904 saepius

120 3930 181 3983 ideo
199 3930 229 3982 in
247 3945 300 3983 usu
317 3931 430 3998 versari,
459 3929 530 3998 quod
558 3929 588 3981 hi
619 3928 683 3982 libri
710 3929 882 3983 refertissimi
909 3930 973 3982 sunt
998 3928 1065 3982 locis
1085 3927 1193 3981 aliunde

121 4021 221 4090 6611116,
240 4021 338 4090 quibus
357 4020 517 4075 inducendis
536 4020 668 4088 particula
685 4019 734 4073 illa
751 4020 894 4089 inserviat,
922 4021 952 4073 in
975 4019 1052 4073 libris
1078 4019 1112 4072 de
1130 4035 1151 4074 r.
1171 4035 1192 4073 r.

122 4112 176 4167 loci
194 4129 228 4167 ex
248 4113 309 4167 eliis
328 4111 506 4180 scriptoribus
526 4111 609 4165 sumti
629 4110 737 4166 omnino
756 4128 811 4166 non
823 4112 976 4168 laudentur.
1008 4114 1195 4179 utnusquam

121 4205 203 4260 taleni
222 4205 371 4273 particulae
388 4221 470 4259 usum
487 4194 648 4271 ¹observavi3
668 4219 748 4274 quem
766 4220 847 4264 usum
868 4203 1003 4273 particula
1021 4203 1110 4271 potius
1128 4219 1196 4272 quae
