2908 4846
784 379 845 442 114

281 571 385 652 posita
419 566 603 651 sequitur‚l)
639 567 728 630 nulla
762 567 886 628 ratione
921 566 1041 628 servari
1071 569 1183 648 potest.
1229 563 1345 646 Itaque

281 679 462 742 remedium
486 682 511 742 si
535 678 730 760 quaerimus,
761 693 834 737 oum
870 693 924 738 eas
948 693 1030 759 quae
1053 675 1249 758 praecedunt
1273 694 1346 738 sen-

282 789 398 852 tentias
421 787 580 867 videmus
603 805 672 848 eam
687 803 770 868 quae
787 776 1001 848 est‘Peounia
1018 783 1212 848 vocabulum
1225 791 1347 863 mutat3

283 917 359 960 nam
382 902 487 981 potest
510 898 587 959 item
612 895 676 958 diei
698 893 774 974 Dos,
798 893 934 974 Arrabo,
957 891 1090 969 Merces,
1116 891 1347 972 Corollarium’,

283 1007 413 1070 alteram
450 1025 532 1088 quae
566 1006 649 1068 hano
684 1005 831 1086 sequitur
850 995 942 1082 ‘Dos
977 1003 1005 1064 si
1040 1004 1226 1086 nuptiarum
1250 1022 1346 1066 eausa

284 1115 369 1179 data’
395 1116 429 1197 (i.
454 1134 478 1178 e.
503 1114 648 1178 Pecunia
676 1119 809 1176 vooatur
830 1110 907 1192 Dae,
930 1114 957 1174 si
981 1161 987 1172 .
1012 1160 1018 1172 .
1043 1109 1140 1195 data),
1173 1112 1227 1174 ille
1254 1113 1347 1175 loeus

282 1225 327 1288 sio
352 1224 575 1288 emendandus
599 1241 669 1286 esse
692 1222 833 1284 videtur:
867 1212 1016 1300 ‘Arrabo
1051 1222 1077 1284 si
1106 1221 1177 1283 data
1201 1225 1238 1283 ut
1260 1220 1346 1284 Reli-

283 1330 407 1415 quom‘ll
430 1332 602 1396 reddatur’.

390 1439 550 1515 Quoniam
573 1440 633 1502 hoo
656 1440 725 1504 loeo
756 1440 946 1523 particulam
974 1433 1044 1504 ‘sio'
1068 1443 1276 1523 removimus,
1310 1443 1345 1504 in

282 1552 379 1614 huius
403 1551 491 1613 modi
513 1550 612 1613 altero
638 1551 696 1631 qui
723 1555 771 1614 est
794 1549 837 1631 Χ,
861 1551 879 1631 ξ
904 1552 946 1612 43
970 1571 999 1633 p.
1025 1551 1088 1612 569
1121 1552 1273 1632 quietane
1305 1552 1347 1613 sit
1443 1621 1444 1624 ¹

281 1660 496 1743 relinquenda
519 1660 697 1724 videamus.
726 1658 759 1724 Is
784 1665 891 1724 autern
914 1659 1032 1742 legitur
1054 1661 1114 1729 sio:
1137 1653 1245 1734 ‘Quod
1264 1660 1349 1740 dioo,

282 1771 424 1853 apertius
448 1771 494 1832 sio
517 1769 579 1832 fiet.
625 1769 703 1833 Esto
732 1771 778 1832 sio
813 1770 974 1853 expositos
1009 1787 1080 1832 esse
1114 1787 1277 1848 numeros,
1311 1777 1348 1832 ut
1443 1839 1444 1850 ¹

280 1879 442 1961 inprime
466 1897 563 1941 vorsu
598 1880 640 1941 sit
674 1899 778 1941 unum
810 1881 874 1942 duo
899 1878 1069 1961 quattuor’.
1117 1875 1180 1952 Qui
1203 1878 1294 1941 loeus
1319 1880 1346 1940 si

281 1993 366 2050 reete
391 2006 425 2050 se
448 1987 553 2068 habet,
576 1988 673 2071 paulo
697 1989 797 2050 alium
821 1987 998 2069 particulae
1022 2007 1118 2050 usum
1147 1986 1286 2050 ostendit
1309 2006 1347 2050 ao
1443 2061 1444 2066 γ

281 2097 384 2178 primo
420 2097 550 2178 quidem
585 2097 701 2162 obtutu
735 2096 871 2160 videtur.
930 2095 1017 2160 ‘sie-
1039 2097 1125 2160 enim
1160 2115 1225 2159 non
1259 2097 1347 2160 idern

187 2215 189 2220 ’
280 2205 367 2268 valet
390 2206 476 2288 quod
496 2198 575 2285 ‘ita’,
598 2207 663 2287 sed,
689 2212 722 2269 ut
746 2225 839 2289 saepe
859 2208 903 2269 ita
919 2207 1061 2290 positum
1078 2211 1135 2286 est,
1158 2213 1194 2269 ut
1214 2225 1346 2270 enume-
1443 2237 1444 2294 3

280 2316 438 2378 rationem
473 2314 524 2376 vel
560 2318 776 2380 narrationem
807 2313 954 2399 indicet3)
991 2316 1092 2399 (quod
1125 2333 1183 2378 nos
1207 2315 1346 2378 dicimus
1443 2315 1444 2356 l

277 2415 617 2507 ‘folgendermassen'),
640 2429 686 2490 sio
710 2428 806 2489 etiam
829 2427 858 2488 h.
883 2428 902 2489 l.
928 2427 1125 2489 adeundam
1155 2425 1221 2488 fere
1248 2426 1346 2488 ratio-

281 2552 356 2596 nem
380 2534 525 2616 pertinet.

386 2639 475 2704 Libri
499 2643 538 2706 de
561 2664 585 2706 r.
609 2665 632 2706 r.
656 2647 831 2727 particulae
855 2667 953 2710 usum
986 2645 1127 2709 eundem
1160 2643 1346 2722 ostendunt,

282 2769 378 2832 quem
402 2750 476 2813 libri
500 2752 539 2815 de
561 2753 581 2815 l.
605 2753 624 2815 l.
641 2753 761 2818 Tamen
784 2757 905 2840 legitur
926 2754 1068 2838 1‚41‚2:
1091 2747 1198 2818 ‘ouius
1222 2753 1346 2818 surouli

279 2861 432 2923 corticem
453 2861 618 2944 integrum
641 2865 836 2928 servandum
861 2872 892 2929 et
915 2885 991 2929 eum
1015 2863 1086 2946 sio4)
1110 2863 1345 2943 exacuendum,

280 2975 317 3032 ut
340 2987 407 3031 non
430 2969 575 3034 denudes
598 2972 792 3036 medullam’.
829 3011 869 3020 -
905 2975 949 3056 ΙΙ,
973 2977 1002 3056 5,
1028 2975 1082 3037 16;
1104 2967 1157 3036 ‘ln
1181 2972 1344 3036 alimoniis

279 3079 505 3141 armentioium
540 3098 638 3162 peous
674 3079 746 3160 sici]
787 3086 1027 3166 contuendum,
1074 3086 1229 3148 lactantes
1269 3099 1345 3144 oum

388 3295 414 3360 l)
434 3293 486 3358 Qui
514 3312 585 3348 unus
612 3297 766 3353 huiusmodi
793 3300 869 3356 loeus
892 3307 933 3356 est
950 3303 979 3355 in
997 3302 1074 3356 libris
1093 3303 1126 3354 de
1145 3300 1163 3356 l.
1182 3299 1199 3353 l.
1218 3297 1253 3365 X,
1272 3297 1288 3366 ᾖ
1307 3296 1344 3350 43

279 3402 305 3454 p.
326 3385 385 3453 569,
406 3385 444 3438 ibi
461 3381 517 3438 ‘sio'
538 3387 616 3454 paulo
629 3389 708 3442 aliter
719 3407 748 3444 se
760 3393 849 3447 habet.
886 3394 949 3463 (Sed
962 3395 991 3447 iu
1007 3393 1089 3461 antiq.
1103 3408 1153 3447 rer.
1168 3390 1223 3444 div.
1242 3405 1268 3456 p.
1284 3387 1344 3453 109,

280 3478 314 3529 15
332 3476 443 3544 legitur:
473 3472 556 3543 ‘Quae
585 3480 623 3533 sio
651 3482 802 3545 abhorrent,
831 3487 861 3536 ut
888 3489 978 3539 tamen
997 3528 1003 3539 .
1024 3527 1030 3539 .
1050 3485 1187 3550 assumpta
1212 3481 1266 3534 sint
1289 3495 1344 3532 non
1442 3503 1443 3566 }

279 3557 393 3636 pauoa').

387 3659 416 3727 2)
434 3654 592 3729 ‘Reliquom'
622 3665 688 3732 quid
715 3665 856 3733 significet,
885 3668 971 3722 Varro
999 3668 1056 3735 ipse
1085 3667 1262 3729 demonstrem
1294 3661 1342 3716 eft.
1442 3649 1443 3726 l

279 3748 441 3803 Muellerum
459 3752 492 3804 ad
510 3754 583 3807 huno
601 3754 698 3812 looum.

386 3845 414 3911 3>
434 3844 481 3896 eir.
509 3844 570 3898 del
598 3845 614 3897 l.
644 3847 677 3915 V,
701 3849 715 3913 ᾗ
736 3849 777 3903 11.
800 3852 844 3904 47,
869 3852 910 3906 50.
930 3855 972 3908 5‘2.
992 3853 1036 3909 58.
1075 3852 1122 3920 Vl,
1141 3852 1157 3920 ᾗ
1176 3852 1218 3906 27.
1237 3850 1279 3903 31.
1298 3846 1343 3900 88.

183 3979 184 3984 a
278 3919 910 4012 ouvusuarnsmum.ns
972 3941 1343 4002 miserruma

278 4025 1342 4105 Imumtffimmawmn-mmmmmm

385 4119 413 4186 4)
431 4112 503 4172 ‘oum
522 4111 563 4173 sit'
584 4121 688 4177 veteres
707 4125 838 4190 quaedam
857 4125 996 4183 editiones.

386 4211 413 4280 3)
431 4205 483 4264 ‘sit'
502 4211 659 4269 Politianus
