2888 4854
773 319 814 383 18

265 511 533 598 significationem
557 509 618 574 sibi
640 508 784 574 vindicat
815 527 900 592 quae
931 513 980 572 est
1003 507 1144 572 Graecae
1174 509 1336 576 formulae

264 617 341 707 alys,
362 621 382 683 1.
399 639 425 684 0.
442 621 507 683 vim
532 618 823 703 argumentativem
847 618 901 682 vel
920 617 1174 682 confirmativam
1191 623 1337 703 postulat

265 736 315 812 (ut
338 726 534 812 ‘quonia-mi.
580 727 639 792 Est
671 731 778 792 autem
801 726 844 810 ΙΙ,
867 723 987 808 5‚13.1)
1019 765 1063 774 -
1095 727 1144 792 De
1174 731 1338 813 particula

263 843 423 923 quaeest

374 948 525 1034 [quidem
556 946 632 1010 libri
662 947 701 1009 de
729 947 750 1008 l.
770 946 789 1008 l.
814 950 846 1009 et
869 946 955 1010 der.
980 963 1004 1007 r.
1029 947 1139 1029 scripti
1170 949 1217 1011 ita
1247 951 1338 1014 inter

262 1078 303 1122 :se
327 1057 533 1138 dissentiunt,
555 1060 592 1120 ut
613 1056 650 1118 10
672 1056 737 1119 illis
760 1075 841 1120 usus
865 1054 1096 1119 Ciceronianus
1120 1057 1234 1138 valeat,
1259 1078 1337 1141 par-

262 1167 367 1229 ticula
399 1159 498 1249 igitur
530 1163 691 1249 significet
721 1164 790 1248 ‘ego
821 1162 975 1247 quidem’:
1017 1183 1099 1246 quae
1137 1186 1336 1252 quamquam

265 1275 372 1338 semel
394 1279 522 1338 tantum
546 1274 684 1336 occurrit
706 1273 776 1355 (IX,
800 1275 819 1356 ξ
845 1276 885 1336 32
909 1293 938 1356 p.
962 1269 1048 1354 417),
1075 1279 1183 1338 tamen
1211 1276 1250 1339 de
1272 1277 1337 1340 hoc

265 1383 340 1448 1000
364 1384 447 1447 nihil
463 1387 511 1448 est
527 1381 775 1462 dubitandum.2)
820 1371 925 1447 Aliter
947 1401 998 1446 res
1014 1402 1048 1446 se
1063 1383 1160 1448 habet
1173 1386 1210 1448 10
1224 1404 1337 1452 rerum

266 1495 464 1558 rusticarum
487 1491 593 1556 libris:
616 1493 676 1556 hoc
700 1495 787 1556 enim
809 1512 875 1557 000
891 1493 971 1574 1000,
994 1492 1051 1556 ubi
1073 1493 1192 1577 legitur
1213 1493 1248 1577 (1,
1265 1491 1336 1578 5,1)

272 1603 430 1688 particula
462 1602 502 1665 01
527 1603 654 1666 tertiam
681 1601 771 1666 verbi
793 1603 928 1686 pluralis
950 1621 1121 1685 personam
1145 1605 1339 1670 transfertur

273 1714 334 1776 sic:
383 1710 553 1794 ‘Equidem
588 1711 841 1774 innumerabiles
881 1710 958 1773 milri
992 1711 1188 1780 videntur’.3l
1246 1713 1337 1790 Quae

273 1823 383 1884 omnia
406 1824 480 1883 ante
504 1839 554 1884 me
577 1825 763 1903 praeceptor
785 1839 877 1883 meus
900 1819 1066 1884 Henricus
1089 1821 1253 1887 Jordanus
1284 1844 1339 1888 co-

273 1932 362 2015 piose
396 1930 553 2012 docteque
582 1931 618 1992 10
650 1930 837 2012 quaestione
868 1929 907 1992 de
938 1929 1037 1993 huius
1069 1932 1246 2013 particulae
1272 1953 1340 1998 usu

273 2041 397 2120 docuit3
424 2058 506 2122 quae
528 2041 612 2103 inest
634 2040 669 2102 in
693 2037 827 2119 symbol.
850 2038 917 2101 crit
940 2058 970 2121 p.
995 2039 1068 2102 321.

383 2149 447 2213 Sed
471 2149 509 2212 de
529 2147 690 2224 ‘Quidem‘
709 2147 886 2232 particulae
903 2167 963 2210 000
981 2147 1183 2214 Varroniano
1199 2169 1240 2214 ne
1257 2153 1340 2234 quid

272 2260 508 2342 relinquamus,
541 2257 601 2320 hoc
624 2256 699 2320 addi
722 2263 852 2340 oportet,
878 2257 1017 2322 formula
1042 2265 1193 2340 quaeest
1224 2279 1270 2323 00
1294 2298 1339 2306 -

273 2368 448 2452 quidem,
480 2372 512 2431 et
533 2368 568 2429 in
591 2366 681 2430 libris
706 2366 744 2429 de
766 2366 787 2428 1.
810 2366 829 2428 1.
854 2370 885 2429 et
907 2367 942 2428 in
964 2368 1030 2432 illis
1054 2367 1093 2432 de
1115 2390 1140 2431 r.
1164 2390 1188 2431 r.
1213 2370 1341 2452 scriptis

275 2475 458 2539 Varronem
491 2497 588 2540 usum
623 2494 702 2539 0000.
748 2474 907 2557 Exempla
930 2477 1115 2559 conquisivi
1147 2477 1276 2542 elibris
1300 2479 1341 2542 10

275 2585 296 2648 1.
319 2585 339 2647 1.
363 2585 456 2648 haec:
481 2584 571 2668 VHI,
595 2586 613 2666 ξ
638 2585 680 2648 60
704 2605 733 2666 p.
750 2585 813 2648 436
839 2584 899 2649 ‘Ne
922 2588 957 2648 in
979 2587 1030 2649 his
1054 2588 1185 2669 quidem
1208 2625 1251 2633 —
1274 2606 1341 2650 ser-

276 2698 373 2757 vatur
396 2693 561 2778 analogic'.
608 2692 666 2758 ubi
689 2695 768 2757 haec
792 2694 929 2758 formula
956 2713 1021 2757 000
1046 2713 1215 2760 ascensum
1240 2718 1258 2759 a
1280 2699 1342 2760 mi-

277 2823 355 2866 nore
378 2804 419 2865 ad
442 2804 549 2866 maius
573 2803 736 2886 quoddam
759 2803 925 2887 significat,
949 2804 1005 2866 sed
1027 2807 1133 2888 potius
1156 2826 1208 2870 res
1225 2826 1342 2889 00000-

277 2913 325 2974 les
348 2914 433 2974 inter
455 2931 489 2976 se
506 2913 651 2975 conectit.
698 2910 862 2976 Venimus
884 2914 983 2994 igitur
1006 2914 1099 2985 ‘auch
1116 2915 1225 2979 nicht’.
1270 2915 1343 2978 Hoc

277 3022 366 3084 idem
390 3019 451 3083 sibi
474 3020 545 3083 vult
566 3020 705 3085 formula
727 3021 830 3104 IX,'§
854 3023 895 3084 51
920 3043 949 3104 p.
968 3023 1032 3084 492
1058 3043 1153 3106 quem
1176 3026 1284 3088 locum
1307 3027 1344 3087 10

278 3130 388 3192 001100
412 3127 494 3192 Flor.
519 3132 674 3212 scriptum
696 3131 852 3196 habemus
877 3134 936 3196 sic:
963 3129 1039 3196 ‘non
1063 3134 1169 3197 solum
1192 3135 1227 3196 in
1250 3153 1346 3197 voca-

280 3235 367 3299 bulis
399 3236 566 3300 literarum
599 3237 678 3302 haec
710 3259 776 3302 000
807 3244 1003 3323 requirenda
1035 3245 1189 3327 analogia,
1222 3244 1277 3308 sed
1310 3246 1346 3308 10

280 3345 408 3426 syllaba
432 3347 563 3427 quidem
587 3349 662 3429 ulla,
696 3349 783 3430 0001
816 3350 953 3415 dicimus
977 3353 1036 3416 hoc
1061 3353 1110 3430 ba,
1135 3354 1233 3418 huius
1258 3350 1345 3431 ba'.4,l

389 3577 415 3648 1)
433 3576 502 3632 'Mas
521 3594 555 3632 00
574 3579 728 3633 1000100011
756 3583 884 3647 concepta
910 3581 1045 3648 significat
1078 3583 1210 3636 descensu
1240 3585 1344 3652 100000,

282 3685 346 3724 oum
364 3669 425 3721 iniit
443 3669 484 3737 (P.
504 3663 597 3737 “init'):
616 3670 749 3738 siquidem
768 3671 809 3740 (P.
827 3670 860 3724 ‘si
878 3665 977 3741 0001),
996 3674 1020 3726 01
1038 3689 1096 3727 mas
1115 3677 1163 3741 001,
1183 3675 1212 3726 10
1226 3675 1343 3730 dexteri·

282 3778 356 3815 orem
374 3761 478 3828 partem
496 3759 563 3813 abit:
583 3760 607 3814 01
625 3760 731 3830 femina,
750 3761 780 3813 in
798 3755 1008 3817 sinisteriorem.

390 3852 417 3920 2)
434 3851 545 3905 Dubitat
564 3868 626 3905 cum
643 3852 745 3920 Popma
763 3853 886 3908 Handius
906 3855 934 3908 in
952 3856 1026 3911 1010.
1046 3856 1099 3912 vol.
1118 3857 1154 3925 Π,
1172 3875 1197 3924 p.
1218 3858 1279 3914 425.

390 3942 418 4012 3)
438 3943 546 4012 Georgii
564 3942 682 3996 Merulae
700 3944 809 3998 libidini
828 3947 939 4000 debetur
956 3940 1097 4016 ‘equidem'
1118 3949 1140 4014 1,
1160 3950 1212 4017 1,3
1230 3951 1297 4004 extr.

390 4034 419 4102 4)
437 4033 481 4088 Sic
510 4035 654 4090 00111100.
683 4037 851 4105 (0101100110.
870 4038 888 4094 l.
908 4055 930 4093 c.
950 4055 975 4106 p.
995 4041 1028 4093 57
1048 4057 1074 4095 0.
1093 4039 1165 4110 351),
1193 4058 1248 4095 000
1276 4042 1347 4110 0001

282 4097 408 4195 ‘Spengel
427 4117 537 4179 exhibet
555 4121 614 4180 ‘hoc
633 4119 686 4182 ha'.
