2908 4846
771 351 813 416 58

262 541 378 622 venie)
402 543 442 606 ad
465 541 597 606 lanium’
621 542 662 624 Π,
688 540 752 614 ts
787 540 911 617 ‘Quoad
943 543 1020 606 satis
1052 543 1094 606 sit
1117 542 1251 623 admitti,
1279 543 1330 626 ip-

265 670 318 716 sae
341 650 524 735 significant
547 652 634 734 quod
658 670 692 715 se
716 649 939 736 defendente)
962 673 966 679 ·

353 760 494 824 Tertium
519 760 646 824 duobus
669 760 720 822 his
742 760 822 823 locis
846 761 980 824 adiciam
1001 762 1096 824 cuius
1119 747 1246 826 Keilius
1274 780 1332 824 ne-

265 871 331 934 scio
356 889 420 952 qua
451 869 490 934 de
522 889 618 932 causa
647 871 846 933 mentionem
876 889 942 932 non
965 871 1082 935 lecerit.
1133 869 1218 934 Nam
1243 869 1330 952 qnod

264 979 435 1043 Politanus
468 978 599 1042 exhibet
629 978 671 1060 11,
695 981 725 1060 2,
743 979 782 1042 17
816 979 914 1061 ‘quod
948 978 1007 1059 adi
1039 978 1230 1043 mutandum
1259 997 1332 1044 esse
1440 979 1441 988 ’

266 1093 516 1153 consentaneum
541 1093 596 1152 est.
641 1087 751 1151 Verba
774 1089 861 1151 enim
894 1088 939 1151 ibi
973 1089 1128 1172 leguntur
1150 1089 1243 1152 haec:
1277 1087 1331 1151 ‘Et

267 1199 313 1262 sic
336 1199 541 1261 nutricantur
565 1197 652 1280 quod
677 1197 717 1260 ad
739 1198 816 1262 facti
840 1203 917 1262 sunt
934 1197 1207 1280 quadrimestres'
1254 1196 1332 1260 Iure

266 1309 366 1392 igitur
393 1303 648 1392 Lachmannus3)
681 1307 793 1371 scribit
817 1307 957 1391 ‘quoad’‚
993 1329 1074 1392 quae
1097 1307 1254 1393 particula
1289 1325 1332 1370 ex

267 1417 491 1480 observatione
512 1417 569 1480 illa
591 1416 741 1481 Keiliana
763 1418 896 1482 forsitan
919 1397 1037 1481 iterum
1067 1417 1186 1480 mutari
1218 1415 1335 1479 debeat

266 1528 300 1589 in
326 1524 461 1608 ‘quaad’.
955 1601 957 1604 y

378 1633 451 1697 Non
483 1637 689 1718 restituenda,
722 1635 777 1699 sed
808 1637 914 1718 potius
938 1636 1097 1699 movenda
1125 1641 1174 1699 est
1202 1633 1333 1718 ‘quoad’

267 1744 426 1828 particula
448 1744 518 1806 loco
543 1744 599 1827 qui
623 1747 670 1808 est
692 1743 718 1825 Ι,
743 1745 771 1825 9,
789 1746 821 1823 5;
848 1763 944 1827 quem
967 1745 1073 1808 locum
1099 1746 1252 1828 quoniam
1278 1763 1335 1808 su-

269 1873 327 1937 pra
351 1853 589 1937 descripsimus,
618 1873 706 1916 nunc
729 1854 763 1916 id
786 1874 891 1917 unum
922 1855 1099 1938 repetimus
1124 1853 1334 1934 scribendum

269 1982 338 2028 esse
363 1961 462 2045 ‘quod
486 1959 544 2025 ad'.
590 1961 712 2026 Eadem
737 1963 927 2046 expellenda
951 1967 999 2026 est
1023 1982 1040 2026 e
1061 1961 1156 2027 Keilii
1175 1964 1335 2027 sententia

269 2073 339 2135 loco
365 2073 421 2154 qui
444 2075 492 2134 est
514 2071 573 2153 Ill,
599 2073 700 2151 1,10;
732 2091 827 2154 quem
851 2072 957 2136 locum
992 2072 1148 2136 editiones
1179 2073 1225 2136 sic
1257 2074 1333 2136 scri·

272 2181 364 2244 bunt:
391 2179 470 2265 ‘Ego
496 2200 634 2263 quoque,
658 2201 722 2264 quo
746 2183 887 2244 ornatior
917 2201 954 2245 ea
986 2200 1056 2246 esse
1085 2186 1194 2266 posset
1225 2181 1334 2244 fructu

271 2310 369 2372 quam
391 2289 488 2372 factu,
513 2291 618 2373 quoad
641 2291 744 2354 lacere
767 2311 903 2374 possem,
925 2291 1004 2354 haec
1027 2292 1068 2355 ad
1091 2296 1122 2356 te
1137 2293 1211 2356 misi
1229 2311 1336 2356 recor-

271 2399 363 2462 datus
388 2399 426 2463 de
450 2417 489 2462 ea
510 2419 546 2463 re
570 2419 734 2464 sermones
759 2420 840 2482 qnos
864 2400 994 2464 devilia
1011 2401 1335 2485 perlectahabuisse-

270 2507 364 2572 mus?
411 2507 483 2584 Qua
514 2510 549 2571 in
580 2509 716 2573 lectione
743 2507 895 2594 Keilins4)
931 2509 1193 2594 ‘ineptissimum'
1227 2511 1335 2592 inquit

272 2617 314 2681 ‘et
336 2637 370 2681 re
394 2623 425 2680 et
447 2637 594 2682 sermone
617 2619 702 2681 istud
728 2618 836 2702 ‘quam
860 2619 967 2701 factu’,
997 2639 1054 2703 pro
1087 2640 1150 2704 quo
1184 2640 1257 2683 cum
1282 2639 1334 2682 co-

272 2726 358 2791 dices
377 2727 516 2790 habeant
540 2726 638 2810 ‘quod
660 2728 758 2793 factu’
783 2734 814 2792 et
838 2728 953 2793 deinde
978 2728 1086 2811 ‘quod’
1111 2749 1169 2812 pro
1198 2727 1334 2826 ’quoad'

273 2837 346 2921 quis
369 2857 435 2901 non
458 2837 546 2900 videt
577 2838 778 2901 oscitantiam
808 2839 930 2902 librarii
962 2837 1049 2902 idem
1080 2836 1131 2900 bis
1161 2837 1333 2920 ponentis?

274 2947 485 3012 Scribendum
509 2946 621 3029 igitur:
655 2945 730 3029 ‘quo
759 2949 901 3018 ornatior
932 2966 1062 3011 eaesae
1089 2958 1195 3030 posset
1218 2947 1335 3028 fructu,

274 3057 359 3140 quod
381 3056 485 3120 faeere
507 3054 644 3139 possem’
668 3055 723 3119 cfr.
748 3055 833 3120 Cato.
859 3058 914 3120 32:
941 3056 1037 3139 ‘quod
1060 3057 1130 3120 eius
1153 3055 1256 3119 lacere
1279 3073 1335 3138 po·

273 3166 360 3231 teris’
385 3165 470 3228 Cato.
496 3166 550 3228 33:
577 3164 673 3247 ‘quod
698 3167 767 3230 eius
791 3161 956 3250 poteris’.⁵)

380 3273 450 3337 Iam
473 3293 632 3338 summam
655 3274 808 3338 facientes
838 3277 1013 3360 imaginem
1036 3275 1136 3340 huius
1158 3275 1334 3360 particulae

274 3387 493 3468 exprimemus
516 3385 615 3447 hanc:

716 3469 738 3556 l)
764 3472 883 3543 lluoad.

385 3559 434 3624 De
460 3561 481 3624 1.
504 3562 538 3625 l.:
577 3561 616 3642 V,
645 3561 725 3644 §15
758 3564 877 3645 (usque
906 3611 911 3624 .
940 3612 946 3626 .
979 3559 1097 3645 quoad)
1133 3583 1158 3628 c.
1191 3583 1238 3646 pr.
1265 3561 1332 3625 ind.

399 3713 588 3789 l‘Perveniat’
614 3718 684 3786 quod
713 3719 841 3772 exhibent
864 3720 1003 3786 editiones,
1026 3723 1098 3774 reete
1122 3720 1238 3774 mutavit
1265 3718 1334 3773 Keil.

296 3853 301 3865 .
318 3811 354 3868 40

277 3829 294 3880 p
428 3902 551 3957 Fortasse
569 3901 741 3955 scribendum
759 3905 800 3956 est
817 3897 948 3974 ‘quando’.

382 3722 396 3774 1

371 3829 397 3866 n.

382 3903 409 3972 2)

381 3996 409 4063 3)
428 3995 470 4048 dd
488 3995 567 4048 Lucr.
586 3994 619 4064 V,
640 3995 717 4049 1033.

381 4087 409 4156 4)
427 4086 444 4139 l.
464 4102 485 4140 e.
503 4103 528 4154 p.
547 4086 589 4140 40.
632 4154 633 4158 ἵ

383 4179 410 4249 5)
430 4178 477 4233 cfr.
496 4177 603 4230 Jordan.
623 4177 708 4246 symb.
728 4180 786 4231 crit.
804 4195 828 4246 p.
846 4179 906 4234 338.
