2888 4854
807 319 828 382 4

285 513 411 576 invenit
442 513 493 573 vir
526 511 822 594 praestantissimus
852 508 1076 574 Fordinaudus
1109 510 1270 575 Handius.
1326 511 1370 574 Is

287 624 374 687 enim
406 619 616 700 ‘Auctorem’‚
652 621 769 702 inquit,
808 618 969 683 ‘idoneum
993 622 1192 704 grammatici
1215 619 1370 684 afferunt

285 732 475 812 Varronem,
510 729 566 811 qui
601 730 727 811 saepius
762 748 830 792 nec
865 748 941 791 uon
974 749 1031 812 pro
1066 734 1102 794 et
1138 732 1367 813 usurpaverit.

286 841 347 904 Ille
382 841 467 904 enim
501 839 538 900 in
571 836 661 900 libris
697 837 735 900 de
763 857 786 899 r.
810 857 834 899 r.
869 839 952 900 nihil
983 839 1183 924 frequentius
1216 841 1367 922 scripsit,

286 949 436 1013 inlibris
466 948 505 1011 de
532 946 552 1009 l.
575 946 595 1008 l.
619 966 811 1028 numquam:
849 948 936 1010 unde
960 949 1099 1032 suspicio
1124 949 1291 1012 suboritur
1318 951 1365 1012 de

288 1041 415 1122 diversa
437 1057 595 1120 librorum
619 1056 750 1138 origine.
785 1054 903 1120 Poetae
918 1058 1018 1140 igitur
1036 1059 1188 1142 temporis
1204 1061 1364 1141 augustei

289 1172 375 1250 sunt,
399 1186 538 1250 quorum
552 1167 588 1227 in
605 1164 802 1228 carminibus
818 1171 903 1228 certa
918 1167 1017 1230 huius
1034 1167 1182 1230 dictionis
1198 1173 1364 1250 apparent

289 1277 493 1357 documenta,
527 1294 648 1357 eosque
671 1275 787 1338 imitati
810 1280 886 1338 sunt
908 1278 1091 1358 posterioris
1119 1278 1231 1339 aetatis
1255 1277 1362 1360 scrip-

287 1393 382 1452 tores.
427 1386 532 1449 lidem
555 1384 748 1447 addiderunt
771 1385 849 1448 adeo
874 1384 1001 1462 ‘etiam',
1033 1383 1085 1448 ‘et'
1114 1391 1152 1448 ut
1174 1391 1257 1449 esset
1281 1384 1359 1448 ‘nec

288 1516 353 1559 nou
373 1494 489 1575 etiam’,
513 1494 582 1556 ‘nec
597 1513 662 1556 non
680 1492 740 1556 et'.’
787 1494 888 1579 (Turs.
907 1495 969 1560 vol.
994 1493 1053 1576 IV,
1074 1515 1104 1578 p.
1123 1493 1210 1578 111).
1250 1495 1360 1576 Atqui

289 1605 438 1688 exempla
475 1603 652 1667 illiusmodi
686 1604 722 1666 in
756 1602 913 1668 Varronis
949 1604 988 1667 de
1019 1607 1039 1666 l.
1066 1605 1086 1667 l.
1118 1603 1211 1666 libris
1241 1605 1360 1666 inveni

288 1715 381 1778 haec:
424 1714 464 1795 V,
496 1711 611 1798 §bp
638 1710 723 1791 161);
758 1713 848 1795 VlH,
881 1711 966 1794 §55
993 1735 1023 1797 p.
1049 1715 1122 1777 432.
1190 1712 1233 1789 Χ,
1266 1713 1285 1792 ἕ
1313 1713 1358 1775 35

288 1845 318 1908 p.
355 1820 455 1904 5642)
514 1821 665 1906 Conferas
700 1841 820 1904 quaeso
861 1822 969 1887 locum
1006 1825 1062 1906 qui
1097 1828 1145 1887 est
1177 1822 1249 1904 VH,
1283 1823 1302 1902 ἕ

289 1954 318 2017 p.
337 1934 399 1996 285
417 1953 462 2015 sq.
483 1951 580 2014 quem
600 1950 617 1994 e
633 1950 732 1995 seusu
746 1933 1042 2015 interpungendum
1058 1952 1129 1996 esse
1145 1937 1275 2016 apparet
1290 1933 1356 1995 sic:

548 2039 673 2123 Neque,
701 2043 729 2104 si
755 2059 821 2104 nou
845 2043 950 2104 norim
973 2042 1097 2106 radices
1121 2041 1253 2124 arboris,
1285 2061 1357 2105 non

449 2169 577 2234 possem
601 2150 706 2213 dicere
731 2199 738 2212 .
762 2199 768 2212 .
790 2200 797 2214 .
823 2199 829 2212 .
1424 2131 1425 2144 ³

399 2260 488 2338 VIII,
525 2261 543 2340 ξ
569 2261 609 2320 32
644 2280 673 2340 p.
706 2258 770 2321 415
803 2261 839 2321 iu
873 2259 1038 2323 codicibus
1071 2260 1226 2343 leguntur
1259 2261 1354 2324 haec:

291 2371 432 2454 „Quodsi
456 2374 541 2433 esset
564 2370 711 2452 analogia
734 2368 871 2453 petenda
899 2369 1097 2452 supellectili,
1121 2389 1231 2433 omncs
1254 2369 1357 2433 lectos
1424 2353 1425 2402 t

291 2480 484 2544 haberemus
516 2479 602 2542 dorni
634 2479 673 2542 ad
707 2498 804 2541 unam
836 2478 982 2558 formam,
1017 2485 1047 2542 et
1075 2484 1130 2542 aut
1153 2498 1228 2542 cum
1251 2478 1356 2543 fulcro
1424 2467 1425 2530 Ῐ

291 2596 349 2654 aut
372 2591 441 2653 sine
466 2608 511 2668 ec,
535 2607 595 2651 nec
619 2608 692 2651 curu
717 2588 757 2650 ad
779 2587 987 2650 tricliniarem
1010 2587 1156 2670 gradum,
1189 2607 1252 2651 non
1277 2590 1354 2651 item

292 2701 332 2763 ad
356 2698 600 2763 cubicularem.“

400 2807 471 2883 Qua
493 2808 528 2870 iu
546 2807 683 2870 lectione
706 2811 737 2869 et
755 2805 901 2889 Spengel.
925 2809 956 2867 et
972 2803 1116 2869 Mueller.
1142 2806 1353 2870 offenderunt.

292 2916 335 2980 ut
365 2916 419 2982 ille
450 2935 507 2998 pro
543 2915 647 2980 verbis
683 2916 760 2978 ‘uon
782 2913 869 2978 item’
901 2915 1076 2996 legendum
1112 2918 1228 2980 conicit
1256 2915 1355 2979 ‘nuuc
1424 2917 1425 2992 l

292 3026 390 3107 item',
418 3027 507 3089 addit
529 3031 637 3089 tamen
661 3025 706 3088 ‘ni
734 3024 870 3088 delenda
892 3025 998 3106 potius
1022 3024 1121 3087 altera
1143 3025 1295 3108 negatio'3
1317 3027 1353 3088 id
1424 3007 1425 3012 ἵ

294 3136 379 3218 quod
395 3135 570 3198 Muellerus
585 3135 668 3197 fecit.
714 3133 803 3196 Nihil
827 3151 885 3216 ego
910 3134 1101 3198 mutandum
1120 3152 1189 3198 esse
1205 3135 1353 3198 existimo

292 3245 465 3326 locumque
483 3244 533 3314 ita
554 3245 748 3326 interpretor
770 3247 806 3305 ut
828 3242 928 3304 verba
952 3241 1023 3305 ‘nee
1038 3243 1114 3305 non’
1137 3244 1206 3306 loco
1223 3243 1352 3306 alterius

294 3351 346 3418 ‘et’
379 3353 482 3435 posita
514 3352 606 3416 alteri
638 3353 725 3435 quod
755 3351 918 3436 praecedit
944 3352 1167 3435 respondeant.
1215 3351 1350 3415 Sensum

292 3463 393 3545 igitur
415 3462 469 3524 ille
485 3461 575 3525 locus
591 3461 685 3526 habet
701 3463 802 3525 hunc:
828 3460 909 3525 Cum
927 3461 968 3525 ad
982 3461 1191 3524 tricliniarem
1208 3460 1351 3544 (lectum)

293 3571 469 3634 habeamus
492 3571 638 3654 gradum,
661 3573 707 3636 sic
726 3573 802 3635 item
817 3570 1009 3634 haberemus
1024 3570 1159 3653 gradum
1181 3571 1351 3634 adlectum

294 3677 546 3762 cubicularem.3)

401 3855 427 3925 1)
448 3871 550 3923 non-;
567 3872 655 3924 neque
666 3874 705 3922 ·;
724 3871 811 3924 neque
829 3871 924 3908 non-.

394 3949 427 4015 ·2)
447 3948 507 3999 et-
528 3949 589 4000 et-
607 3962 695 4015 neque
715 3963 769 4000 nou
788 3947 877 4000 etiam.

401 4039 429 4108 3)
449 4038 527 4104 Quod
553 4038 625 4092 idem
653 4038 798 4092 coniecisse
818 4037 966 4092 Christium
997 4055 1069 4092 nunc
1097 4039 1174 4093 video
1202 4038 1240 4098 in¹
1258 4038 1347 4093 Philol.

295 4129 347 4184 vol.
368 4129 446 4188 XVI.
464 4145 490 4198 ι).
509 4123 570 4218 455.
