2888 4854
655 365 695 428 39

137 569 271 616 censeo:
310 552 371 614 ‘Ab
408 553 471 614 olla
504 551 598 615 Olera
634 551 730 631 dicta,
767 553 919 633 quoniam
955 569 1071 634 genere
1106 551 1206 613 cruda

138 661 247 724 olera'.
293 661 335 724 nt
366 680 498 724 sensnm
524 661 653 742 quidem
677 667 875 724 mereatum
908 661 1071 723 invenisse
1095 659 1204 737 cred03

138 772 274 853 exponit
298 772 384 834 euim
408 769 521 851 Varro,
553 789 626 833 cum
651 770 741 832 verbi
771 773 926 852 originem
957 770 1139 846 indicasset,
1171 789 1206 832 re

141 899 274 962 quoque
306 887 336 943 et
364 899 429 942 usu
459 880 519 942 hoc
556 882 772 962 veriloquium
806 879 1018 962 comprobari:
1052 879 1086 941 id
1119 880 1206 961 quod

137 991 326 1072 saepissime
349 992 384 1052 in
409 988 587 1072 originibus
612 991 809 1072 explicandis
836 990 920 1052 tacit.
968 989 1030 1054 Sed
1061 1008 1102 1051 ue
1136 1009 1205 1052 ver-

137 1098 219 1161 bum
244 1099 374 1180 quidem
399 1098 484 1180 quod
503 1118 561 1182 ego
585 1101 716 1177 conieci,
741 1099 923 1182 quoniam,
948 1099 1117 1162 offensioni
1134 1119 1205 1164 esse

138 1209 244 1289 debet,
268 1208 426 1290 siquidem
446 1207 547 1271 Varro
573 1211 667 1272 etiam
693 1209 731 1286 V,
757 1211 834 1289 §19
859 1231 886 1292 p.
906 1207 976 1288 281)
1002 1210 1085 1271 hanc
1108 1211 1205 1292 parti-

136 1320 247 1382 culam
271 1319 382 1382 eadem
405 1321 529 1382 ratione
553 1319 689 1383 admisit.

246 1429 319 1492 Alio
353 1434 400 1492 θεῖ
431 1430 509 1509 loeo,
543 1431 570 1493 si
602 1436 687 1493 recte
712 1429 847 1492 coniecit
870 1427 1057 1509 Muellerus,
1082 1428 1203 1510 ‘quare'

134 1539 368 1621 reponendum,
403 1539 460 1620 IV,
494 1539 575 1620 §66
605 1559 633 1622 p.
657 1537 711 1618 733
749 1541 806 1621 qni
844 1540 935 1601 locus
969 1539 1004 1600 iu
1039 1536 1203 1600 codicibus

134 1647 256 1730 legitur·
280 1649 338 1710 sic:
811 1731 814 1737 Ι

244 1757 493 1821 —‘coniunctus
517 1765 630 1835 terrae,
654 1758 711 1820 ubi
736 1755 1202 1838 omniaoriuntu1¹,viabori·

137 1870 239 1928 untur
262 1885 400 1948 quorum
426 1869 511 1950 quod
535 1868 608 1932 finis
633 1874 738 1930 ortum
763 1873 851 1930 ortus
876 1867 992 1930 dictus’
1051 1952 1053 1954 Ι

136 1993 155 2036 θ
180 1975 299 2058 quibus
323 1977 502 2042 Muellerus
527 1979 630 2042 effecit
653 1980 747 2040 haec:

244 2085 357 2149 —‘ubi
391 2090 499 2151 omnia
531 2094 568 2151 ut
593 2090 754 2168 oriuntur,
785 2088 829 2148 ita
853 2084 1058 2148 aboriuntur:
1093 2104 1202 2168 quare,

135 2194 225 2274 quod
247 2194 322 2260 finis
346 2203 445 2278 ortus,
469 2196 600 2280 Orcus2)
625 2196 748 2260 dictus'.

246 2305 351 2387 Atque
375 2307 543 2370 formulam
570 2326 652 2390 quae
677 2312 725 2370 est
749 2305 796 2368 ‘ut
819 2342 861 2350 —
885 2304 939 2367 ita'
971 2306 1005 2366 in
1030 2303 1202 2366 Varronia-

137 2432 218 2474 num
243 2413 369 2479 dicendi
384 2435 507 2480 morem
522 2435 654 2501 peccare
670 2416 754 2478 infra
771 2415 951 2492 ostendam3
978 2413 1100 2496 ‘quare'
1124 2433 1200 2476 vero

138 2541 156 2583 a
180 2521 334 2587 Muellero
358 2532 444 2589 recte
468 2529 647 2589 coniectum
672 2545 743 2588 esse
767 2525 845 2586 mihi
868 2524 1023 2607 persuasi.

244 2631 442 2718 Madvicus3)
479 2640 588 2698 antem
623 2635 816 2697 medicinam
841 2633 984 2696 adhiberi
1007 2633 1078 2695 uult
1101 2633 1198 2694 banc:

139 2740 204 2803 ‘nbi
229 2745 336 2806 omnia
352 2747 508 2826 oriuntur,
532 2741 616 2829 ubi4)
641 2743 839 2824 aboriuntun
864 2763 1001 2826 quorum
1024 2743 1110 2824 qnod
1126 2741 1200 2804 finis

139 2855 278 2934 ortuum,
311 2872 404 2917 orcus
437 2839 563 2935 dictus,
602 2875 665 2937 qna
695 2856 730 2916 in
762 2854 898 2916 lectione
930 2854 1070 2934 primum
1095 2869 1200 2932 repre-

139 2959 241 3023 hendo
264 2962 451 3026 inusitatam
477 2963 615 3027 Varroni
639 2947 878 3027 collocationem
906 2961 1078 3025 verborum
1110 2960 1200 3042 ‘quo-

136 3089 208 3132 rum
244 3107 286 3116 ——
323 3073 481 3150 ortuum'3
518 3057 632 3137 deiude
667 3075 727 3136 hoc
761 3071 897 3135 verbum
930 3073 1035 3154 ipsum
1070 3075 1200 3153 propter

136 3197 305 3244 nanterum
341 3183 497 3264 pluralem
533 3183 699 3246 offensioni
724 3188 783 3262 θεῖς
820 3189 888 3246 tum
925 3181 1086 3264 anaphora
1116 3198 1200 3262 quae

135 3293 183 3351 est
207 3288 273 3352 ‘ubi
296 3329 339 3337 -
363 3291 430 3354 ubi'
453 3313 471 3354 a
491 3291 692 3356 Varroniano
716 3293 856 3356 dictione
878 3311 1011 3375 prorsus
1035 3290 1197 3368 abhorret;

135 3397 272 3480 denique
318 3404 524 3464 enuntiatum
572 3403 658 3484 quod
705 3408 752 3466 est
792 3402 941 3486 ‘qnorum
989 3401 1076 3483 quod
1123 3399 1198 3462 finis

133 3509 272 3571 ortuum’
296 3528 370 3573 cum
394 3511 598 3593 praecedenti
628 3513 725 3574 nimis
760 3511 840 3574 dure
865 3512 920 3574 vel
939 3512 1047 3592 potius
1070 3507 1198 3572 horride

132 3635 292 3705 conexum
317 3626 374 3686 est.

237 3817 264 3884 1)
283 3796 356 3883 ‘pulo
375 3818 476 3871 acheo
505 3819 603 3871 choum
632 3820 659 3870 et
686 3817 751 3870 hinc
780 3816 892 3884 caelum,
922 3815 1057 3884 qnoniam,
1085 3815 1116 3865 ut
1140 3811 1198 3864 dixi

136 3899 206 3958 ‘Hoc
226 3906 327 3960 circum
348 3950 458 3964 .....
462 3909 468 3928 ’
488 3925 593 3975 cavum,
614 3909 734 3964 caelum'.

234 3999 261 4065 2)
281 3993 383 4054 ‘Orcus'
403 4001 519 4054 Turnebi
537 4003 578 4054 est
598 4001 762 4060 coniectura,

238 4091 264 4152 3)
285 4091 351 4144 nav.
373 4092 431 4147 crit.
451 4110 477 4160 p.
497 4095 556 4148 167.

236 4180 263 4249 4)
283 4176 346 4236 ‘ubi'
366 4183 481 4238 coniecit
500 4183 594 4239 Aldus.
