<?xml version="1.0" encoding="UTF-8"?>
<!DOCTYPE html PUBLIC "-//W3C//DTD XHTML 1.0 Transitional//EN"
    "http://www.w3.org/TR/xhtml1/DTD/xhtml1-transitional.dtd">
<html xmlns="http://www.w3.org/1999/xhtml" xml:lang="en" lang="en">
 <head>
  <title>
</title>
<meta http-equiv="Content-Type" content="text/html;charset=utf-8" />
  <meta name='ocr-system' content='tesseract 3.04.00' />
  <meta name='ocr-capabilities' content='ocr_page ocr_carea ocr_par ocr_line ocrx_word'/>
</head>
<body>
  <div class='ocr_page' id='page_1' title='image "./quaestionesvarr01reitgoog_0020.png"; bbox 0 0 2888 4854; ppageno 0'>
   <div class='ocr_carea' id='block_1_1' title="bbox 632 359 671 420">
    <p class='ocr_par' dir='ltr' id='par_1_1' title="bbox 632 359 671 420">
     <span class='ocr_line' id='line_1_1' title="bbox 632 359 671 420; baseline 0 0"><span class='ocrx_word' id='word_1_1' title='bbox 632 359 671 420; x_wconf 94' lang='grc'>11</span> 
     </span>
    </p>
   </div>
   <div class='ocr_carea' id='block_1_2' title="bbox 8 523 1188 744">
    <p class='ocr_par' dir='ltr' id='par_1_2' title="bbox 8 523 1188 744">
     <span class='ocr_line' id='line_1_2' title="bbox 8 523 1188 631; baseline 0.001 -19"><span class='ocrx_word' id='word_1_2' title='bbox 8 539 43 602; x_wconf 63' lang='lat' dir='ltr'>bt</span> <span class='ocrx_word' id='word_1_3' title='bbox 121 569 197 614; x_wconf 88' lang='lat' dir='ltr'>mus</span> <span class='ocrx_word' id='word_1_4' title='bbox 214 548 464 626; x_wconf 82' lang='lat' dir='ltr'>Grossmannus,</span> <span class='ocrx_word' id='word_1_5' title='bbox 479 552 666 631; x_wconf 89' lang='lat' dir='ltr'>praeceptor</span> <span class='ocrx_word' id='word_1_6' title='bbox 675 548 934 629; x_wconf 84' lang='lat' dir='ltr'>Allenstinensis,</span> <span class='ocrx_word' id='word_1_7' title='bbox 945 523 1091 612; x_wconf 84' lang='lat' dir='ltr'>libellum</span> <span class='ocrx_word' id='word_1_8' title='bbox 1101 568 1188 612; x_wconf 90' lang='lat' dir='ltr'>com-</span> 
     </span>
     <span class='ocr_line' id='line_1_3' title="bbox 10 657 761 744; baseline -0.003 -22"><span class='ocrx_word' id='word_1_9' title='bbox 10 667 29 709; x_wconf 67' lang='lat' dir='ltr'>b</span> <span class='ocrx_word' id='word_1_10' title='bbox 115 657 367 744; x_wconf 81' lang='lat' dir='ltr'>posuit,1)puto</span> <span class='ocrx_word' id='word_1_11' title='bbox 390 657 578 740; x_wconf 78' lang='lat' dir='ltr'>particulam</span> <span class='ocrx_word' id='word_1_12' title='bbox 605 676 688 739; x_wconf 91' lang='lat' dir='ltr'>quae</span> <span class='ocrx_word' id='word_1_13' title='bbox 712 661 761 720; x_wconf 85' lang='lat' dir='ltr'>est</span> 
     </span>
    </p>
   </div>
   <div class='ocr_carea' id='block_1_3' title="bbox 8 802 41 954">
    <p class='ocr_par' dir='ltr' id='par_1_3' title="bbox 8 802 41 954">
     <span class='ocr_line' id='line_1_4' title="bbox 8 802 41 846; baseline 0.061 -3"><span class='ocrx_word' id='word_1_14' title='bbox 8 802 41 846; x_wconf 74' lang='lat' dir='ltr'>nn</span> 
     </span>
     <span class='ocr_line' id='line_1_5' title="bbox 8 913 39 954; baseline -0.129 0"><span class='ocrx_word' id='word_1_15' title='bbox 8 913 16 954; x_wconf 75' lang='lat' dir='ltr'>c</span> <span class='ocrx_word' id='word_1_16' title='bbox 29 915 39 950; x_wconf 68' lang='lat' dir='ltr'>t-</span> 
     </span>
    </p>
   </div>
   <div class='ocr_carea' id='block_1_4' title="bbox 18 1027 1189 1181">
    <p class='ocr_par' dir='ltr' id='par_1_4' title="bbox 8 1027 1189 1181">
     <span class='ocr_line' id='line_1_6' title="bbox 18 1027 1189 1181; baseline -0.003 -22.025"><span class='ocrx_word' id='word_1_17' title='bbox 18 1027 26 1087; x_wconf 54' lang='lat' dir='ltr'><em>P</em></span> <span class='ocrx_word' id='word_1_18' title='bbox 121 1118 151 1181; x_wconf 89' lang='lat' dir='ltr'>p.</span> <span class='ocrx_word' id='word_1_19' title='bbox 176 1098 255 1176; x_wconf 76' lang='lat'>4903</span> <span class='ocrx_word' id='word_1_20' title='bbox 288 1116 364 1159; x_wconf 89' lang='lat' dir='ltr'>nam</span> <span class='ocrx_word' id='word_1_21' title='bbox 399 1096 506 1176; x_wconf 88' lang='lat' dir='ltr'>ceteri,</span> <span class='ocrx_word' id='word_1_22' title='bbox 536 1096 571 1158; x_wconf 93' lang='lat' dir='ltr'>in</span> <span class='ocrx_word' id='word_1_23' title='bbox 606 1094 725 1177; x_wconf 88' lang='lat' dir='ltr'>quibus</span> <span class='ocrx_word' id='word_1_24' title='bbox 752 1096 918 1158; x_wconf 85' lang='lat' dir='ltr'>invenitur</span> <span class='ocrx_word' id='word_1_25' title='bbox 950 1094 1102 1178; x_wconf 72' lang='lat' dir='ltr'>‘quidem&#39;</span> <span class='ocrx_word' id='word_1_26' title='bbox 1125 1095 1189 1157; x_wconf 87' lang='lat' dir='ltr'>loci</span> 
     </span>
    </p>
   </div>
   <div class='ocr_carea' id='block_1_5' title="bbox 13 1270 28 1329">
    <p class='ocr_par' dir='ltr' id='par_1_5' title="bbox 13 1270 28 1329">
     <span class='ocr_line' id='line_1_7' title="bbox 13 1270 28 1329; baseline 0 -27"><span class='ocrx_word' id='word_1_27' title='bbox 13 1270 28 1329; x_wconf 38' lang='lat' dir='ltr'>&#39;it</span> 
     </span>
    </p>
   </div>
   <div class='ocr_carea' id='block_1_6' title="bbox 123 765 1189 1071">
    <p class='ocr_par' dir='ltr' id='par_1_6' title="bbox 123 765 1189 1071">
     <span class='ocr_line' id='line_1_8' title="bbox 229 765 1189 851; baseline -0.007 -13"><span class='ocrx_word' id='word_1_28' title='bbox 229 768 371 838; x_wconf 67' lang='lat' dir='ltr'>fluidam.</span> <span class='ocrx_word' id='word_1_29' title='bbox 417 766 460 831; x_wconf 83' lang='lat' dir='ltr'>Et</span> <span class='ocrx_word' id='word_1_30' title='bbox 494 767 533 830; x_wconf 92' lang='lat' dir='ltr'>de</span> <span class='ocrx_word' id='word_1_31' title='bbox 564 765 767 830; x_wconf 78' lang='lat' dir='ltr'>Varroniano</span> <span class='ocrx_word' id='word_1_32' title='bbox 802 768 931 850; x_wconf 87' lang='lat' dir='ltr'>quidem</span> <span class='ocrx_word' id='word_1_33' title='bbox 961 767 1060 831; x_wconf 91' lang='lat' dir='ltr'>huius</span> <span class='ocrx_word' id='word_1_34' title='bbox 1090 769 1189 851; x_wconf 88' lang='lat' dir='ltr'>parti-</span> 
     </span>
     <span class='ocr_line' id='line_1_9' title="bbox 123 875 1188 960; baseline -0.004 -17"><span class='ocrx_word' id='word_1_35' title='bbox 123 879 216 944; x_wconf 81' lang='lat' dir='ltr'>culae</span> <span class='ocrx_word' id='word_1_36' title='bbox 239 897 304 942; x_wconf 89' lang='lat' dir='ltr'>usu</span> <span class='ocrx_word' id='word_1_37' title='bbox 326 879 378 940; x_wconf 83' lang='lat' dir='ltr'>vir</span> <span class='ocrx_word' id='word_1_38' title='bbox 399 877 454 941; x_wconf 89' lang='lat' dir='ltr'>ille</span> <span class='ocrx_word' id='word_1_39' title='bbox 471 878 585 940; x_wconf 91' lang='lat' dir='ltr'>doctus</span> <span class='ocrx_word' id='word_1_40' title='bbox 610 875 659 939; x_wconf 76' lang='lat' dir='ltr'>‘Iu</span> <span class='ocrx_word' id='word_1_41' title='bbox 675 876 787 958; x_wconf 87' lang='lat' dir='ltr'>libris’,</span> <span class='ocrx_word' id='word_1_42' title='bbox 810 878 927 960; x_wconf 89' lang='lat' dir='ltr'>inquit,</span> <span class='ocrx_word' id='word_1_43' title='bbox 952 876 1045 959; x_wconf 73' lang='lat' dir='ltr'>‘quos</span> <span class='ocrx_word' id='word_1_44' title='bbox 1070 877 1109 940; x_wconf 91' lang='lat' dir='ltr'>de</span> <span class='ocrx_word' id='word_1_45' title='bbox 1132 877 1151 939; x_wconf 89' lang='lat'>1.</span> <span class='ocrx_word' id='word_1_46' title='bbox 1167 877 1188 939; x_wconf 85' lang='lat' dir='ltr'>l.</span> 
     </span>
     <span class='ocr_line' id='line_1_10' title="bbox 125 984 1188 1071; baseline 0 -21"><span class='ocrx_word' id='word_1_47' title='bbox 125 989 226 1052; x_wconf 88' lang='lat' dir='ltr'>Varro</span> <span class='ocrx_word' id='word_1_48' title='bbox 250 987 385 1071; x_wconf 82' lang='lat' dir='ltr'>scripsit,</span> <span class='ocrx_word' id='word_1_49' title='bbox 409 987 508 1050; x_wconf 85' lang='lat' dir='ltr'>semel</span> <span class='ocrx_word' id='word_1_50' title='bbox 531 985 683 1069; x_wconf 76' lang='lat' dir='ltr'>‘quidem&#39;</span> <span class='ocrx_word' id='word_1_51' title='bbox 706 987 855 1070; x_wconf 87' lang='lat' dir='ltr'>legimus,</span> <span class='ocrx_word' id='word_1_52' title='bbox 877 987 975 1069; x_wconf 91' lang='lat' dir='ltr'>idque</span> <span class='ocrx_word' id='word_1_53' title='bbox 1008 984 1068 1067; x_wconf 89' lang='lat' dir='ltr'>IX,</span> <span class='ocrx_word' id='word_1_54' title='bbox 1092 985 1110 1068; x_wconf 62' lang='grc' dir='ltr'>ξ</span> <span class='ocrx_word' id='word_1_55' title='bbox 1134 987 1188 1068; x_wconf 78' lang='lat'>48,</span> 
     </span>
    </p>
   </div>
   <div class='ocr_carea' id='block_1_7' title="bbox 124 1202 1188 1290">
    <p class='ocr_par' dir='ltr' id='par_1_7' title="bbox 124 1202 1188 1290">
     <span class='ocr_line' id='line_1_11' title="bbox 124 1202 1188 1290; baseline -0.004 -20"><span class='ocrx_word' id='word_1_56' title='bbox 124 1207 291 1290; x_wconf 85' lang='lat' dir='ltr'>depravati</span> <span class='ocrx_word' id='word_1_57' title='bbox 313 1205 507 1269; x_wconf 91' lang='lat' dir='ltr'>emendandi</span> <span class='ocrx_word' id='word_1_58' title='bbox 530 1203 615 1267; x_wconf 86' lang='lat' dir='ltr'>sunt&#39;</span> <span class='ocrx_word' id='word_1_59' title='bbox 640 1206 678 1289; x_wconf 90' lang='lat' dir='ltr'>(p.</span> <span class='ocrx_word' id='word_1_60' title='bbox 705 1202 770 1288; x_wconf 81' lang='lat'>13).</span> <span class='ocrx_word' id='word_1_61' title='bbox 816 1204 947 1268; x_wconf 81' lang='lat' dir='ltr'>invenit</span> <span class='ocrx_word' id='word_1_62' title='bbox 969 1210 1077 1269; x_wconf 85' lang='lat' dir='ltr'>autem</span> <span class='ocrx_word' id='word_1_63' title='bbox 1099 1204 1188 1268; x_wconf 87' lang='lat' dir='ltr'>locos</span> 
     </span>
    </p>
   </div>
   <div class='ocr_carea' id='block_1_8' title="bbox 20 1313 1188 1400">
    <p class='ocr_par' dir='ltr' id='par_1_8' title="bbox 20 1313 1188 1400">
     <span class='ocr_line' id='line_1_12' title="bbox 20 1313 1188 1400; baseline -0.003 -20"><span class='ocrx_word' id='word_1_64' title='bbox 20 1359 25 1400; x_wconf 58' lang='lat'>3</span> <span class='ocrx_word' id='word_1_65' title='bbox 124 1318 282 1400; x_wconf 85' lang='lat' dir='ltr'>quisunt</span> <span class='ocrx_word' id='word_1_66' title='bbox 307 1314 349 1395; x_wconf 83' lang='lat' dir='ltr'>V,</span> <span class='ocrx_word' id='word_1_67' title='bbox 372 1315 391 1397; x_wconf 63' lang='grc' dir='ltr'>ξ</span> <span class='ocrx_word' id='word_1_68' title='bbox 415 1315 466 1395; x_wconf 82' lang='grc'>22,</span> <span class='ocrx_word' id='word_1_69' title='bbox 489 1315 592 1396; x_wconf 85' lang='lat' dir='ltr'>p.3i;</span> <span class='ocrx_word' id='word_1_70' title='bbox 626 1313 699 1396; x_wconf 89' lang='lat' dir='ltr'>VH,</span> <span class='ocrx_word' id='word_1_71' title='bbox 723 1315 814 1396; x_wconf 62' lang='lat' dir='ltr'>W,</span> <span class='ocrx_word' id='word_1_72' title='bbox 834 1336 863 1399; x_wconf 92' lang='lat' dir='ltr'>p.</span> <span class='ocrx_word' id='word_1_73' title='bbox 882 1316 960 1393; x_wconf 77' lang='lat'><strong>3333</strong></span> <span class='ocrx_word' id='word_1_74' title='bbox 993 1314 1110 1377; x_wconf 77' lang='lat' dir='ltr'>addere</span> <span class='ocrx_word' id='word_1_75' title='bbox 1134 1314 1188 1376; x_wconf 88' lang='lat' dir='ltr'>de·</span> 
     </span>
    </p>
   </div>
   <div class='ocr_carea' id='block_1_9' title="bbox 9 1422 1190 1531">
    <p class='ocr_par' dir='ltr' id='par_1_9' title="bbox 9 1422 1190 1531">
     <span class='ocr_line' id='line_1_13' title="bbox 9 1422 1190 1531; baseline -0.003 -42"><span class='ocrx_word' id='word_1_76' title='bbox 9 1487 29 1531; x_wconf 40' lang='lat' dir='ltr'>H,</span> <span class='ocrx_word' id='word_1_77' title='bbox 123 1425 197 1490; x_wconf 90' lang='lat' dir='ltr'>buit</span> <span class='ocrx_word' id='word_1_78' title='bbox 218 1426 326 1489; x_wconf 89' lang='lat' dir='ltr'>locum</span> <span class='ocrx_word' id='word_1_79' title='bbox 356 1425 412 1507; x_wconf 89' lang='lat' dir='ltr'>qui</span> <span class='ocrx_word' id='word_1_80' title='bbox 435 1427 484 1486; x_wconf 82' lang='lat' dir='ltr'>est</span> <span class='ocrx_word' id='word_1_81' title='bbox 505 1423 562 1504; x_wconf 87' lang='lat' dir='ltr'>VI,</span> <span class='ocrx_word' id='word_1_82' title='bbox 587 1423 675 1506; x_wconf 73' lang='lat'>§69,</span> <span class='ocrx_word' id='word_1_83' title='bbox 698 1444 729 1507; x_wconf 88' lang='lat' dir='ltr'>p.</span> <span class='ocrx_word' id='word_1_84' title='bbox 747 1425 820 1486; x_wconf 74' lang='lat'><strong>246.</strong></span> <span class='ocrx_word' id='word_1_85' title='bbox 868 1422 955 1498; x_wconf 79' lang='lat' dir='ltr'>Quos</span> <span class='ocrx_word' id='word_1_86' title='bbox 979 1441 1091 1486; x_wconf 90' lang='lat' dir='ltr'>omnes</span> <span class='ocrx_word' id='word_1_87' title='bbox 1123 1428 1190 1486; x_wconf 87' lang='lat' dir='ltr'>tres</span> 
     </span>
    </p>
   </div>
   <div class='ocr_carea' id='block_1_10' title="bbox 10 1525 1189 1618">
    <p class='ocr_par' dir='ltr' id='par_1_10' title="bbox 10 1525 1189 1618">
     <span class='ocr_line' id='line_1_14' title="bbox 10 1525 1189 1618; baseline -0.002 -20"><span class='ocrx_word' id='word_1_88' title='bbox 10 1525 62 1592; x_wconf 66' lang='lat' dir='ltr'>ss&#39;s&#39;.</span> <span class='ocrx_word' id='word_1_89' title='bbox 123 1536 211 1599; x_wconf 86' lang='lat' dir='ltr'>locos</span> <span class='ocrx_word' id='word_1_90' title='bbox 246 1539 413 1618; x_wconf 87' lang='lat' dir='ltr'>corruptos</span> <span class='ocrx_word' id='word_1_91' title='bbox 451 1552 520 1597; x_wconf 89' lang='lat' dir='ltr'>esse</span> <span class='ocrx_word' id='word_1_92' title='bbox 560 1538 692 1613; x_wconf 91' lang='lat' dir='ltr'>constat,</span> <span class='ocrx_word' id='word_1_93' title='bbox 732 1534 771 1597; x_wconf 89' lang='lat' dir='ltr'>de</span> <span class='ocrx_word' id='word_1_94' title='bbox 808 1533 960 1598; x_wconf 86' lang='lat' dir='ltr'>remediis</span> <span class='ocrx_word' id='word_1_95' title='bbox 998 1532 1189 1596; x_wconf 86' lang='lat' dir='ltr'>adhibendis</span> 
     </span>
    </p>
   </div>
   <div class='ocr_carea' id='block_1_11' title="bbox 8 1643 1112 1753">
    <p class='ocr_par' dir='ltr' id='par_1_11' title="bbox 8 1643 1112 1753">
     <span class='ocr_line' id='line_1_15' title="bbox 8 1643 1112 1753; baseline -0.006 -42"><span class='ocrx_word' id='word_1_96' title='bbox 8 1711 31 1753; x_wconf 40' lang='grc' dir='ltr'>Μ</span> <span class='ocrx_word' id='word_1_97' title='bbox 123 1665 242 1730; x_wconf 84' lang='lat' dir='ltr'>magna</span> <span class='ocrx_word' id='word_1_98' title='bbox 266 1649 314 1709; x_wconf 89' lang='lat' dir='ltr'>est</span> <span class='ocrx_word' id='word_1_99' title='bbox 337 1643 531 1726; x_wconf 82' lang='lat' dir='ltr'>disceptatio.</span> <span class='ocrx_word' id='word_1_100' title='bbox 577 1644 686 1726; x_wconf 84' lang='lat' dir='ltr'>Atque</span> <span class='ocrx_word' id='word_1_101' title='bbox 709 1643 803 1707; x_wconf 91' lang='lat' dir='ltr'>illum</span> <span class='ocrx_word' id='word_1_102' title='bbox 828 1644 958 1727; x_wconf 89' lang='lat' dir='ltr'>quidem</span> <span class='ocrx_word' id='word_1_103' title='bbox 984 1643 1041 1725; x_wconf 89' lang='lat' dir='ltr'>qni</span> <span class='ocrx_word' id='word_1_104' title='bbox 1064 1646 1112 1706; x_wconf 88' lang='lat' dir='ltr'>est</span> 
     </span>
    </p>
   </div>
   <div class='ocr_carea' id='block_1_12' title="bbox 230 1752 1189 1836">
    <p class='ocr_par' dir='ltr' id='par_1_12' title="bbox 230 1752 1189 1836">
     <span class='ocr_line' id='line_1_16' title="bbox 230 1752 1189 1836; baseline -0.002 -21"><span class='ocrx_word' id='word_1_105' title='bbox 230 1753 271 1836; x_wconf 84' lang='lat' dir='ltr'>V,</span> <span class='ocrx_word' id='word_1_106' title='bbox 294 1754 371 1836; x_wconf 72' lang='lat'>§22</span> <span class='ocrx_word' id='word_1_107' title='bbox 397 1753 487 1816; x_wconf 67' lang='lat' dir='ltr'>‘Vias</span> <span class='ocrx_word' id='word_1_108' title='bbox 511 1752 642 1835; x_wconf 88' lang='lat' dir='ltr'>quidam</span> <span class='ocrx_word' id='word_1_109' title='bbox 666 1754 734 1833; x_wconf 89' lang='lat' dir='ltr'>iter,</span> <span class='ocrx_word' id='word_1_110' title='bbox 759 1753 847 1836; x_wconf 90' lang='lat' dir='ltr'>quod</span> <span class='ocrx_word' id='word_1_111' title='bbox 879 1771 916 1816; x_wconf 90' lang='lat' dir='ltr'>ea</span> <span class='ocrx_word' id='word_1_112' title='bbox 944 1752 1091 1816; x_wconf 78' lang='lat' dir='ltr'>vehendo</span> <span class='ocrx_word' id='word_1_113' title='bbox 1114 1752 1189 1814; x_wconf 86' lang='lat' dir='ltr'>teri-</span> 
     </span>
    </p>
   </div>
   <div class='ocr_carea' id='block_1_13' title="bbox 9 1855 960 1960">
    <p class='ocr_par' dir='ltr' id='par_1_13' title="bbox 9 1855 960 1960">
     <span class='ocr_line' id='line_1_17' title="bbox 9 1855 960 1960; baseline -0.003 -32"><span class='ocrx_word' id='word_1_114' title='bbox 9 1855 30 1960; x_wconf 47' lang='lat' dir='ltr'>,J</span> <span class='ocrx_word' id='word_1_115' title='bbox 124 1868 188 1945; x_wconf 91' lang='lat' dir='ltr'>tur,</span> <span class='ocrx_word' id='word_1_116' title='bbox 210 1865 271 1927; x_wconf 85' lang='lat' dir='ltr'>iter</span> <span class='ocrx_word' id='word_1_117' title='bbox 296 1864 427 1941; x_wconf 70' lang='lat' dir='ltr'>iterum,</span> <span class='ocrx_word' id='word_1_118' title='bbox 453 1867 544 1926; x_wconf 88' lang='lat' dir='ltr'>actus</span> <span class='ocrx_word' id='word_1_119' title='bbox 568 1863 655 1945; x_wconf 91' lang='lat' dir='ltr'>quod</span> <span class='ocrx_word' id='word_1_120' title='bbox 679 1863 802 1946; x_wconf 85' lang='lat' dir='ltr'>agendo</span> <span class='ocrx_word' id='word_1_121' title='bbox 827 1861 960 1927; x_wconf 66' lang='lat' dir='ltr'>teritur!</span> 
     </span>
    </p>
   </div>
   <div class='ocr_carea' id='block_1_14' title="bbox 235 1972 1190 2055">
    <p class='ocr_par' dir='ltr' id='par_1_14' title="bbox 235 1972 1190 2055">
     <span class='ocr_line' id='line_1_18' title="bbox 235 1972 1190 2055; baseline -0.001 -19"><span class='ocrx_word' id='word_1_122' title='bbox 235 1972 475 2036; x_wconf 82' lang='lat' dir='ltr'>Grossma-nnns</span> <span class='ocrx_word' id='word_1_123' title='bbox 514 1993 557 2036; x_wconf 83' lang='lat' dir='ltr'>ex</span> <span class='ocrx_word' id='word_1_124' title='bbox 589 1985 678 2055; x_wconf 89' lang='lat' dir='ltr'>parte</span> <span class='ocrx_word' id='word_1_125' title='bbox 713 1973 901 2036; x_wconf 86' lang='lat' dir='ltr'>emendasse</span> <span class='ocrx_word' id='word_1_126' title='bbox 939 1972 1018 2034; x_wconf 90' lang='lat' dir='ltr'>mihi</span> <span class='ocrx_word' id='word_1_127' title='bbox 1055 1972 1190 2036; x_wconf 88' lang='lat' dir='ltr'>videtur.</span> 
     </span>
    </p>
   </div>
   <div class='ocr_carea' id='block_1_15' title="bbox 126 2082 366 2147">
    <p class='ocr_par' dir='ltr' id='par_1_15' title="bbox 8 2057 366 2169">
     <span class='ocr_line' id='line_1_19' title="bbox 126 2082 366 2147; baseline -0.008 -0.989"><span class='ocrx_word' id='word_1_128' title='bbox 126 2082 243 2147; x_wconf 83' lang='lat' dir='ltr'>Scribit</span> <span class='ocrx_word' id='word_1_129' title='bbox 266 2083 366 2146; x_wconf 88' lang='lat' dir='ltr'>enirn:</span> 
     </span>
    </p>
   </div>
   <div class='ocr_carea' id='block_1_16' title="bbox 235 2190 1192 2488">
    <p class='ocr_par' dir='ltr' id='par_1_16' title="bbox 235 2190 1192 2488">
     <span class='ocr_line' id='line_1_20' title="bbox 341 2190 1192 2274; baseline 0.004 -21"><span class='ocrx_word' id='word_1_130' title='bbox 341 2190 403 2254; x_wconf 89' lang='lat' dir='ltr'>Via</span> <span class='ocrx_word' id='word_1_131' title='bbox 437 2193 483 2254; x_wconf 88' lang='lat' dir='ltr'>sic</span> <span class='ocrx_word' id='word_1_132' title='bbox 515 2193 603 2272; x_wconf 88' lang='lat' dir='ltr'>item,</span> <span class='ocrx_word' id='word_1_133' title='bbox 635 2191 720 2274; x_wconf 91' lang='lat' dir='ltr'>quod</span> <span class='ocrx_word' id='word_1_134' title='bbox 751 2210 788 2255; x_wconf 90' lang='lat' dir='ltr'>ea</span> <span class='ocrx_word' id='word_1_135' title='bbox 811 2191 957 2255; x_wconf 92' lang='lat' dir='ltr'>vehendo</span> <span class='ocrx_word' id='word_1_136' title='bbox 980 2193 1103 2274; x_wconf 87' lang='lat' dir='ltr'>teritur,</span> <span class='ocrx_word' id='word_1_137' title='bbox 1129 2194 1192 2256; x_wconf 87' lang='lat' dir='ltr'>iter</span> 
     </span>
     <span class='ocr_line' id='line_1_21' title="bbox 286 2297 899 2384; baseline 0.003 -20"><span class='ocrx_word' id='word_1_138' title='bbox 286 2297 378 2382; x_wconf 76' lang='lat' dir='ltr'>itu32)</span> <span class='ocrx_word' id='word_1_139' title='bbox 407 2305 496 2364; x_wconf 90' lang='lat' dir='ltr'>actus</span> <span class='ocrx_word' id='word_1_140' title='bbox 520 2301 607 2384; x_wconf 89' lang='lat' dir='ltr'>quod</span> <span class='ocrx_word' id='word_1_141' title='bbox 631 2300 754 2383; x_wconf 84' lang='lat' dir='ltr'>agendo</span> <span class='ocrx_word' id='word_1_142' title='bbox 778 2301 899 2366; x_wconf 89' lang='lat' dir='ltr'>teritur.</span> 
     </span>
     <span class='ocr_line' id='line_1_22' title="bbox 235 2410 1192 2488; baseline -0.001 -13"><span class='ocrx_word' id='word_1_143' title='bbox 235 2411 307 2488; x_wconf 79' lang='lat' dir='ltr'>Qua</span> <span class='ocrx_word' id='word_1_144' title='bbox 330 2411 553 2474; x_wconf 87' lang='lat' dir='ltr'>emendatione</span> <span class='ocrx_word' id='word_1_145' title='bbox 576 2410 668 2474; x_wconf 89' lang='lat' dir='ltr'>locus</span> <span class='ocrx_word' id='word_1_146' title='bbox 699 2415 808 2474; x_wconf 88' lang='lat' dir='ltr'>noster</span> <span class='ocrx_word' id='word_1_147' title='bbox 840 2411 986 2474; x_wconf 86' lang='lat' dir='ltr'>similiter</span> <span class='ocrx_word' id='word_1_148' title='bbox 1008 2412 1192 2475; x_wconf 87' lang='lat' dir='ltr'>restituitur</span> 
     </span>
    </p>
   </div>
   <div class='ocr_carea' id='block_1_17' title="bbox 8 2517 1189 2730">
    <p class='ocr_par' dir='ltr' id='par_1_17' title="bbox 8 2485 1189 2730">
     <span class='ocr_line' id='line_1_23' title="bbox 9 2517 1189 2622; baseline -0.009 -29"><span class='ocrx_word' id='word_1_149' title='bbox 9 2517 19 2622; x_wconf 53' lang='lat' dir='ltr'>,s</span> <span class='ocrx_word' id='word_1_150' title='bbox 128 2526 225 2598; x_wconf 80' lang='lat' dir='ltr'>atoue</span> <span class='ocrx_word' id='word_1_151' title='bbox 256 2521 295 2584; x_wconf 93' lang='lat' dir='ltr'>ab</span> <span class='ocrx_word' id='word_1_152' title='bbox 320 2520 456 2604; x_wconf 83' lang='lat' dir='ltr'>Georgio</span> <span class='ocrx_word' id='word_1_153' title='bbox 479 2519 621 2597; x_wconf 81' lang='lat' dir='ltr'>Thilone,</span> <span class='ocrx_word' id='word_1_154' title='bbox 656 2521 712 2602; x_wconf 86' lang='lat' dir='ltr'>qui</span> <span class='ocrx_word' id='word_1_155' title='bbox 739 2521 774 2583; x_wconf 91' lang='lat' dir='ltr'>in</span> <span class='ocrx_word' id='word_1_156' title='bbox 797 2540 871 2585; x_wconf 82' lang='lat' dir='ltr'>nov,</span> <span class='ocrx_word' id='word_1_157' title='bbox 901 2520 1005 2583; x_wconf 86' lang='lat' dir='ltr'>annal.</span> <span class='ocrx_word' id='word_1_158' title='bbox 1029 2521 1137 2604; x_wconf 90' lang='lat' dir='ltr'>philol.</span> <span class='ocrx_word' id='word_1_159' title='bbox 1161 2540 1189 2585; x_wconf 90' lang='lat' dir='ltr'>a.</span> 
     </span>
     <span class='ocr_line' id='line_1_24' title="bbox 8 2629 1034 2730; baseline -0.011 -28"><span class='ocrx_word' id='word_1_160' title='bbox 8 2707 18 2730; x_wconf 45' lang='grc' dir='ltr'>Ι</span> <span class='ocrx_word' id='word_1_161' title='bbox 130 2633 215 2694; x_wconf 83' lang='grc'><strong>1855</strong></span> <span class='ocrx_word' id='word_1_162' title='bbox 238 2652 267 2714; x_wconf 93' lang='lat' dir='ltr'>p.</span> <span class='ocrx_word' id='word_1_163' title='bbox 294 2631 356 2693; x_wconf 82' lang='lat'>532</span> <span class='ocrx_word' id='word_1_164' title='bbox 381 2649 455 2692; x_wconf 90' lang='lat' dir='ltr'>cum</span> <span class='ocrx_word' id='word_1_165' title='bbox 479 2630 660 2693; x_wconf 90' lang='lat' dir='ltr'>sanandum</span> <span class='ocrx_word' id='word_1_166' title='bbox 684 2649 753 2693; x_wconf 88' lang='lat' dir='ltr'>esse</span> <span class='ocrx_word' id='word_1_167' title='bbox 777 2629 951 2692; x_wconf 89' lang='lat' dir='ltr'>arbitratur</span> <span class='ocrx_word' id='word_1_168' title='bbox 975 2631 1034 2692; x_wconf 88' lang='lat' dir='ltr'>sic:</span> 
     </span>
    </p>
   </div>
   <div class='ocr_carea' id='block_1_18' title="bbox 236 2739 1190 2822">
    <p class='ocr_par' dir='ltr' id='par_1_18' title="bbox 236 2739 1190 2822">
     <span class='ocr_line' id='line_1_25' title="bbox 236 2739 1190 2822; baseline -0.004 -19"><span class='ocrx_word' id='word_1_169' title='bbox 236 2740 311 2821; x_wconf 80' lang='lat' dir='ltr'>(sic)</span> <span class='ocrx_word' id='word_1_170' title='bbox 333 2741 386 2802; x_wconf 83' lang='lat' dir='ltr'>via</span> <span class='ocrx_word' id='word_1_171' title='bbox 411 2758 539 2822; x_wconf 89' lang='lat' dir='ltr'>quoque</span> <span class='ocrx_word' id='word_1_172' title='bbox 564 2740 690 2821; x_wconf 85' lang='lat' dir='ltr'>dicitur,</span> <span class='ocrx_word' id='word_1_173' title='bbox 721 2740 808 2821; x_wconf 89' lang='lat' dir='ltr'>quod</span> <span class='ocrx_word' id='word_1_174' title='bbox 832 2759 869 2802; x_wconf 91' lang='lat' dir='ltr'>ea</span> <span class='ocrx_word' id='word_1_175' title='bbox 892 2739 1038 2802; x_wconf 82' lang='lat' dir='ltr'>vehendo</span> <span class='ocrx_word' id='word_1_176' title='bbox 1061 2739 1190 2817; x_wconf 82' lang='lat' dir='ltr'>teritur3</span> 
     </span>
    </p>
   </div>
   <div class='ocr_carea' id='block_1_19' title="bbox 8 2849 495 2942">
    <p class='ocr_par' dir='ltr' id='par_1_19' title="bbox 8 2849 495 2942">
     <span class='ocr_line' id='line_1_26' title="bbox 8 2849 495 2942; baseline -0.004 -30"><span class='ocrx_word' id='word_1_177' title='bbox 8 2928 9 2942; x_wconf 11' lang='grc' dir='ltr'>χ</span> <span class='ocrx_word' id='word_1_178' title='bbox 127 2851 188 2914; x_wconf 89' lang='lat' dir='ltr'>iter</span> <span class='ocrx_word' id='word_1_179' title='bbox 204 2849 289 2933; x_wconf 92' lang='lat' dir='ltr'>quod</span> <span class='ocrx_word' id='word_1_180' title='bbox 304 2850 354 2912; x_wconf 86' lang='lat' dir='ltr'>itu</span> <span class='ocrx_word' id='word_1_181' title='bbox 371 2851 495 2912; x_wconf 91' lang='lat' dir='ltr'>teritur.</span> 
     </span>
    </p>
   </div>
   <div class='ocr_carea' id='block_1_20' title="bbox 129 2956 1194 3917">
    <p class='ocr_par' dir='ltr' id='par_1_20' title="bbox 129 2956 1193 3587">
     <span class='ocr_line' id='line_1_27' title="bbox 236 2956 1193 3022; baseline -0.003 -1"><span class='ocrx_word' id='word_1_182' title='bbox 236 2957 299 3022; x_wconf 82' lang='lat' dir='ltr'>Sed</span> <span class='ocrx_word' id='word_1_183' title='bbox 323 2979 342 3022; x_wconf 85' lang='lat' dir='ltr'>a</span> <span class='ocrx_word' id='word_1_184' title='bbox 365 2959 479 3021; x_wconf 87' lang='lat' dir='ltr'>tradita</span> <span class='ocrx_word' id='word_1_185' title='bbox 502 2959 638 3022; x_wconf 88' lang='lat' dir='ltr'>lectione</span> <span class='ocrx_word' id='word_1_186' title='bbox 662 2978 738 3021; x_wconf 89' lang='lat' dir='ltr'>curn</span> <span class='ocrx_word' id='word_1_187' title='bbox 759 2959 815 3020; x_wconf 89' lang='lat' dir='ltr'>illa</span> <span class='ocrx_word' id='word_1_188' title='bbox 835 2957 1044 3022; x_wconf 86' lang='lat' dir='ltr'>Grossmanni</span> <span class='ocrx_word' id='word_1_189' title='bbox 1068 2956 1193 3019; x_wconf 88' lang='lat' dir='ltr'>coniec-</span> 
     </span>
     <span class='ocr_line' id='line_1_28' title="bbox 129 3065 1191 3148; baseline -0.005 -17"><span class='ocrx_word' id='word_1_190' title='bbox 129 3072 201 3131; x_wconf 87' lang='lat' dir='ltr'>tura</span> <span class='ocrx_word' id='word_1_191' title='bbox 223 3067 288 3131; x_wconf 89' lang='lat' dir='ltr'>fere</span> <span class='ocrx_word' id='word_1_192' title='bbox 311 3068 393 3130; x_wconf 89' lang='lat' dir='ltr'>nihil</span> <span class='ocrx_word' id='word_1_193' title='bbox 416 3068 552 3148; x_wconf 86' lang='lat' dir='ltr'>recedat,</span> <span class='ocrx_word' id='word_1_194' title='bbox 581 3068 720 3132; x_wconf 84' lang='lat' dir='ltr'>formula</span> <span class='ocrx_word' id='word_1_195' title='bbox 749 3087 826 3130; x_wconf 90' lang='lat' dir='ltr'>vero</span> <span class='ocrx_word' id='word_1_196' title='bbox 852 3067 909 3130; x_wconf 73' lang='lat' dir='ltr'>‘sic</span> <span class='ocrx_word' id='word_1_197' title='bbox 931 3066 1018 3130; x_wconf 89' lang='lat' dir='ltr'>item’</span> <span class='ocrx_word' id='word_1_198' title='bbox 1048 3066 1088 3129; x_wconf 89' lang='lat' dir='ltr'>ad</span> <span class='ocrx_word' id='word_1_199' title='bbox 1109 3065 1191 3127; x_wconf 83' lang='lat' dir='ltr'>Var-</span> 
     </span>
     <span class='ocr_line' id='line_1_29' title="bbox 129 3175 1193 3260; baseline -0.002 -21"><span class='ocrx_word' id='word_1_200' title='bbox 129 3178 302 3240; x_wconf 87' lang='lat' dir='ltr'>ronianum</span> <span class='ocrx_word' id='word_1_201' title='bbox 325 3196 428 3260; x_wconf 87' lang='lat' dir='ltr'>genus</span> <span class='ocrx_word' id='word_1_202' title='bbox 453 3177 581 3241; x_wconf 89' lang='lat' dir='ltr'>dicendi</span> <span class='ocrx_word' id='word_1_203' title='bbox 604 3178 746 3241; x_wconf 86' lang='lat' dir='ltr'>maxime</span> <span class='ocrx_word' id='word_1_204' title='bbox 769 3178 934 3260; x_wconf 83' lang='lat' dir='ltr'>pertineat,</span> <span class='ocrx_word' id='word_1_205' title='bbox 965 3177 1013 3239; x_wconf 82' lang='lat' dir='ltr'>illi</span> <span class='ocrx_word' id='word_1_206' title='bbox 1045 3175 1193 3238; x_wconf 88' lang='lat' dir='ltr'>emende-</span> 
     </span>
     <span class='ocr_line' id='line_1_30' title="bbox 129 3285 1193 3369; baseline -0.002 -21"><span class='ocrx_word' id='word_1_207' title='bbox 129 3286 225 3348; x_wconf 89' lang='lat' dir='ltr'>tionis</span> <span class='ocrx_word' id='word_1_208' title='bbox 258 3286 400 3369; x_wconf 92' lang='lat' dir='ltr'>palmam</span> <span class='ocrx_word' id='word_1_209' title='bbox 433 3286 575 3350; x_wconf 89' lang='lat' dir='ltr'>tribuere</span> <span class='ocrx_word' id='word_1_210' title='bbox 609 3305 675 3348; x_wconf 91' lang='lat' dir='ltr'>non</span> <span class='ocrx_word' id='word_1_211' title='bbox 711 3285 832 3349; x_wconf 86' lang='lat' dir='ltr'>dubito.</span> <span class='ocrx_word' id='word_1_212' title='bbox 887 3285 1092 3368; x_wconf 75' lang='lat' dir='ltr'>Quamquam</span> <span class='ocrx_word' id='word_1_213' title='bbox 1126 3304 1193 3347; x_wconf 91' lang='lat' dir='ltr'>non</span> 
     </span>
     <span class='ocr_line' id='line_1_31' title="bbox 130 3393 1191 3488; baseline 0.001 -32"><span class='ocrx_word' id='word_1_214' title='bbox 130 3393 212 3458; x_wconf 88' lang='lat' dir='ltr'>bene</span> <span class='ocrx_word' id='word_1_215' title='bbox 236 3414 308 3458; x_wconf 82' lang='lat' dir='ltr'>eum</span> <span class='ocrx_word' id='word_1_216' title='bbox 333 3395 475 3458; x_wconf 89' lang='lat' dir='ltr'>remedio</span> <span class='ocrx_word' id='word_1_217' title='bbox 500 3417 518 3458; x_wconf 93' lang='lat' dir='ltr'>a</span> <span class='ocrx_word' id='word_1_218' title='bbox 543 3415 576 3458; x_wconf 90' lang='lat' dir='ltr'>se</span> <span class='ocrx_word' id='word_1_219' title='bbox 599 3396 730 3458; x_wconf 86' lang='lat' dir='ltr'>invento</span> <span class='ocrx_word' id='word_1_220' title='bbox 759 3415 855 3459; x_wconf 88' lang='lat' dir='ltr'>usum</span> <span class='ocrx_word' id='word_1_221' title='bbox 881 3415 950 3488; x_wconf 78' lang='lat' dir='ltr'>esse</span> <span class='ocrx_word' id='word_1_222' title='bbox 975 3396 1080 3471; x_wconf 71' lang='lat' dir='ltr'>doleo,</span> <span class='ocrx_word' id='word_1_223' title='bbox 1115 3415 1191 3457; x_wconf 91' lang='lat' dir='ltr'>nam</span> 
     </span>
     <span class='ocr_line' id='line_1_32' title="bbox 132 3506 565 3587; baseline -0.002 -20"><span class='ocrx_word' id='word_1_224' title='bbox 132 3523 215 3587; x_wconf 87' lang='lat' dir='ltr'>quae</span> <span class='ocrx_word' id='word_1_225' title='bbox 239 3506 384 3586; x_wconf 88' lang='lat' dir='ltr'>sequitur</span> <span class='ocrx_word' id='word_1_226' title='bbox 408 3506 565 3569; x_wconf 83' lang='lat' dir='ltr'>sententia</span> 
     </span>
    </p>

    <p class='ocr_par' dir='ltr' id='par_1_21' title="bbox 132 3613 1194 3917">
     <span class='ocr_line' id='line_1_33' title="bbox 345 3613 982 3696; baseline 0.005 -21"><span class='ocrx_word' id='word_1_227' title='bbox 345 3613 441 3696; x_wconf 69' lang='lat' dir='ltr'>‘qnod</span> <span class='ocrx_word' id='word_1_228' title='bbox 465 3633 502 3676; x_wconf 82' lang='lat' dir='ltr'>ea</span> <span class='ocrx_word' id='word_1_229' title='bbox 525 3613 670 3676; x_wconf 88' lang='lat' dir='ltr'>vehendo</span> <span class='ocrx_word' id='word_1_230' title='bbox 695 3613 818 3696; x_wconf 89' lang='lat' dir='ltr'>teritur,</span> <span class='ocrx_word' id='word_1_231' title='bbox 840 3615 901 3678; x_wconf 89' lang='lat' dir='ltr'>iter</span> <span class='ocrx_word' id='word_1_232' title='bbox 922 3615 982 3678; x_wconf 91' lang='lat' dir='ltr'>itu’</span> 
     </span>
     <span class='ocr_line' id='line_1_34' title="bbox 132 3721 1193 3810; baseline 0.002 -27"><span class='ocrx_word' id='word_1_233' title='bbox 132 3721 232 3803; x_wconf 89' lang='lat' dir='ltr'>docet,</span> <span class='ocrx_word' id='word_1_234' title='bbox 255 3723 388 3785; x_wconf 89' lang='lat' dir='ltr'>nomina</span> <span class='ocrx_word' id='word_1_235' title='bbox 412 3741 495 3804; x_wconf 86' lang='lat' dir='ltr'>quae</span> <span class='ocrx_word' id='word_1_236' title='bbox 519 3727 595 3786; x_wconf 85' lang='lat' dir='ltr'>sunt</span> <span class='ocrx_word' id='word_1_237' title='bbox 618 3724 672 3786; x_wconf 87' lang='lat' dir='ltr'>via</span> <span class='ocrx_word' id='word_1_238' title='bbox 696 3728 727 3786; x_wconf 90' lang='lat' dir='ltr'>et</span> <span class='ocrx_word' id='word_1_239' title='bbox 749 3725 818 3808; x_wconf 85' lang='lat' dir='ltr'>iter,</span> <span class='ocrx_word' id='word_1_240' title='bbox 845 3744 982 3810; x_wconf 91' lang='lat' dir='ltr'>quorum</span> <span class='ocrx_word' id='word_1_241' title='bbox 1007 3744 1074 3788; x_wconf 91' lang='lat' dir='ltr'>uno</span> <span class='ocrx_word' id='word_1_242' title='bbox 1099 3725 1193 3807; x_wconf 87' lang='lat' dir='ltr'>quasi</span> 
     </span>
     <span class='ocr_line' id='line_1_35' title="bbox 132 3831 1194 3917; baseline 0.005 -25"><span class='ocrx_word' id='word_1_243' title='bbox 132 3849 185 3893; x_wconf 90' lang='lat' dir='ltr'>ore</span> <span class='ocrx_word' id='word_1_244' title='bbox 208 3831 389 3915; x_wconf 86' lang='lat' dir='ltr'>veriloquio</span> <span class='ocrx_word' id='word_1_245' title='bbox 412 3832 629 3913; x_wconf 88' lang='lat' dir='ltr'>ostendantur,</span> <span class='ocrx_word' id='word_1_246' title='bbox 664 3853 729 3895; x_wconf 89' lang='lat' dir='ltr'>non</span> <span class='ocrx_word' id='word_1_247' title='bbox 763 3833 858 3896; x_wconf 90' lang='lat' dir='ltr'>modo</span> <span class='ocrx_word' id='word_1_248' title='bbox 887 3839 981 3896; x_wconf 91' lang='lat' dir='ltr'>antea</span> <span class='ocrx_word' id='word_1_249' title='bbox 1014 3839 1194 3917; x_wconf 89' lang='lat' dir='ltr'>utrumque</span> 
     </span>
    </p>
   </div>
   <div class='ocr_carea' id='block_1_21' title="bbox 238 4078 660 4239">
    <p class='ocr_par' dir='ltr' id='par_1_22' title="bbox 238 4078 660 4239">
     <span class='ocr_line' id='line_1_36' title="bbox 238 4078 660 4148; baseline 0.017 -17"><span class='ocrx_word' id='word_1_250' title='bbox 238 4079 264 4147; x_wconf 84' lang='lat'>1)</span> <span class='ocrx_word' id='word_1_251' title='bbox 283 4079 346 4132; x_wconf 87' lang='lat' dir='ltr'>Diss</span> <span class='ocrx_word' id='word_1_252' title='bbox 371 4078 521 4148; x_wconf 85' lang='lat' dir='ltr'>Regimont.</span> <span class='ocrx_word' id='word_1_253' title='bbox 540 4097 564 4136; x_wconf 89' lang='lat' dir='ltr'>a..</span> <span class='ocrx_word' id='word_1_254' title='bbox 584 4081 660 4140; x_wconf 82' lang='lat'>1880.</span> 
     </span>
     <span class='ocr_line' id='line_1_37' title="bbox 238 4169 600 4239; baseline 0.006 -15"><span class='ocrx_word' id='word_1_255' title='bbox 238 4169 600 4239; x_wconf 52' lang='lat' dir='ltr'>QQUQMQQ</span> 
     </span>
    </p>
   </div>
   <div class='ocr_carea' id='block_1_22' title="bbox 0 0 1464 4854">
    <p class='ocr_par' dir='ltr' id='par_1_23' title="bbox 0 0 1464 4854">
     <span class='ocr_line' id='line_1_38' title="bbox 0 0 1464 4854; baseline 0 0"><span class='ocrx_word' id='word_1_256' title='bbox 0 0 1464 4854; x_wconf 95' lang='lat' dir='ltr'> </span> 
     </span>
    </p>
   </div>
  </div>
 </body>
</html>
